% TODO check name and initials order

% TODO all reports

@article{Geant4.1,
  author = "S. Agostinelli and et al. -- The Geant4 Collaboration",
  title = "Geant4 - a simulation toolkit",
  journal = "Nuclear Instruments and Methods A",
  volume = 506,
  issue = "3",
  pages = "250-303",
  year = 2003,
  month = "March"
}

@article{Geant4.2,
  author = "J. Allison and et al. - the Geant4 Collaboration ",
  title = "Geant4 developments and applications",
  journal = "IEEE Transactions on Nuclear Science",
  volume = 53,
  issue = "1",
  pages = "270-278",
  year = 2006,
  month = "January"
}

@misc{OpenAcc,
  url = "\url{https://www.openacc.org}"
}

@misc{PGI,
  url = "\url{https://www.pgroup.com}"
}

@misc{TOP500,
  note = "\url{https://www.top500.org}"
}

@misc{OpenAccGuide,
  url = "\url{https://www.openacc.org/sites/default/files/inline-files/OpenACC\_Programming\_Guide\_0.pdf}"
}

@misc{FRESCO,
  title = "FRESCO: Coupled Reaction Channels Calculations",
  url = "\url{http://www.fresco.org.uk}"
}

@misc{ESTAR,
  title = "ESTAR: NIST Stopping-power and range tables for electrons",
  note = "\url{https://physics.nist.gov/PhysRefData/Star/Text/ESTAR.html}"
}
@misc{PSTAR,
  title = "PSTAR: NIST Stopping-power and range tables for protons",
  note = "\url{https://physics.nist.gov/PhysRefData/Star/Text/PSTAR.html}"
}

@misc{ASTAR,
  title = "ASTAR: NIST Stopping-power and range tables for helium ions",
  note = "\url{https://physics.nist.gov/PhysRefData/Star/Text/ASTAR.html}"
}

@MISC{IonEl,
    author = {Marcus H. Mendenhall and Robert A. Weller},
    title = {An Algorithm for Computing Screened Coulomb Scattering in GEANT4},
    year = {2004}
}

@article{Goebl2015,
  author = "D. Goebl and B. Bruckner and D. Roth and C. Ahamer and P. Bauer",
  title = "Low-energy ion scattering: A quantitative method?",
  journal = "Nucl. Instr. Meth. B",
  volume = 354,
  pages = "3-8",
  year = 2015
}

@article{IgashSol17,
  author = "A. S. Solovyev and S. Yu. Igashov",
  title = "Microscopic approach based on a multiscale algebraic version of the resonating group model for radiative capture reactions",
  journal = "Phys. Rev. C",
  volume = 96,
  pages = "064605",
  year = 2017
}

@Book{SYU1,
 title = {Theory of Nuclear Reactions},
 publisher = {Clarenden Press. Oxford},
 year = {1996},
 author = {P. Frobrich and R. Lipperheide}
}

@Book{SYU2,
 language={russian},
 title = {Справочник по специальным функциям},
 publisher = {М.: Наука},
 year = {1979},
 author = {М. Абрамовиц and И. Стиган}
}

@Book{SYU3,
 title = {NIST Handbook of Mathematical Functions},
 publisher = {National Institute of Standards and Technology, New York},
 year = {2010},
 author = {F. W. J. Olver and D. W. Lozier and R. F. Boisvert and C. W. Clark}
}

@article{SYU4,
  author = "A. M. Lane and R. G. Thomas",
  journal = "Rev. Mod. Phys.",
  volume = 30,
  pages = "257",
  year = 1958,
  issue = 2
}

@article{SYU5,
  language={russian},
  author = "Л. М. Лазарев and Б. М. Дзюба",
  journal = "ВАНТ",
  pages = "56",
  year = 1999,
  issue = 1
}

@InProceedings{SYU6,
 language={russian},
 title = {Исследование атомного ядра с помощью заряженных частиц и нейтронов},
 booktitle = {Труды физического института им. П. Н. Лебедева},
 year = {1965},
 volume = {33}
}

@InProceedings{Nefed83,
 author = "V.N. Nefedov and B.I. Starostov and A.A. Boytsov",
 title = {Precision Measurements of $^{252}Cf$, $^{233}U$, $^{235}U$ and $^{239}Pu$ Prompt Fission neutrons},
 booktitle = {Proc. 6-th All-Union Conf. on Neutron Physics, Kiev},
 year = {1983},
 pages = "285",
 volume = {2}
}

@InProceedings{Starost83,
 author = "B.I. Starostov and V.N. Nefedov and A.A. Boytsov",
 title = {Precision Measurements of $^{252}Cf$, $^{233}U+n_{th}$, $^{235}U+n_{th}$ and $^{239}Pu+n_{th}$ Prompt Fission neutrons in the energy range 2-11 MeV},
 booktitle = {Proc. 6-th All-Union Conf. on Neutron Physics, Kiev},
 year = {1983},
 pages = "290",
 volume = {2}
}

@article{Starostov85,
  author = "B.I. Starostov and V.N. Nefedov and A.A. Boytsov",
  title = {Prompt neutron spectra from fission of $^{233}$, $^{235}U$ and $^{239}Pu$ by thermal neutrons and from spontaneous fission of $^{252}Cf$ in the 0.01 - 12 MeV Energy Range},
  journal = "Vopr. At. Nauk. Tech., Ser. Yad. Konst.",
  volume = 3,
  pages = "16",
  year = 1985,
}

@InProceedings{Lajtai85,
 author = "A. Lajtai and J. Kecskemeit and J. Safar and P.P. Dyachenko and V.M. Piksaikin",
 title = {Energy Spectrum Measurements of Neutrons for Energies 30 keV-4MeV from thermal Fission of Main Fuel Elements},
 booktitle = {Proc. Santa Fe 1985},
 year = {1985},
 pages = "613",
 volume = {769}
}

@article{Wand89,
  author = "Wang Yufeng and Bai Xixiang and Li Anli and Wang Xiazhong and Li Jingwen and Meng Jiangchen and Bao Zhongyu",
  title = {Experimental study of the prompt neutron spectrum of $^{235}U$ fission induced by thermal neutrons},
  journal = "Chin. J. Nucl. Phys.",
  volume = 11,
  pages = "47",
  year = 1989,
  issue = 4
}

@article{Kornilov10,
  author = "N.V. Kornilov and F.-J. Hambsh and I. Fabry and S. Oberstedt and T. Belgya and Z. Kis and L. Szentmiklosi and S.Simakov",
  title = {The $^{235}U(n,f)$ Prompt Fission Neutron Spectrum at 100 K Input Neutron Energy},
  journal = "Nucl. Sci. Eng.",
  volume = 165,
  pages = "117",
  year = 2010,
}

@article{Vorobyev13,
  author = "A.S. Vorobyev and O.A. Shcherbakov",
  title = {Total prompt fission neutron spectrum from thermal-neutron-induced fission of $^{235}U$},
  journal = "Vopr. At. Nauk. Tech., Ser. Yad. Konst.",
  volume = "1-2",
  pages = "37-54",
  year = 2013,
}

@article{MigdalPP,
  author = "A.B. Migdal",
  title = {The Theory of Nuclear Reactions with production of Slow Particles},
  journal = "Sov. Phys. JETP",
  volume = "1",
  pages = "2",
  year = 1955
}

@article{WatsonPP,
  author = "K.M. Watson",
  title = {The Effect of Final State Interactions on Reaction Cross Section},
  journal = "Phys. Rev.",
  volume = "88",
  pages = "1163",
  year = 1952
}

@article{MSLEn,
  author = "A. Mekhtiche and K. Khalal-Kouache",
  title = {Multiple scattering of low energy ions in matter: Influence of energy loss and interaction potential},
  journal = "Nucl. Instr. Meth. B",
  volume = "354",
  pages = "151-154",
  year = 2015,
}

@article{MCNP6,
  author = "T. Goorleg and others",
  title = {Initial MCNP6 release overview},
  journal = "Nucl. Technol.",
  volume = "180",
  issue = 3
  pages = "298-315",
  year = 2012,
}

@article{FREYA1,
  author = "J.M. Verbeke and J. Randrup and R. Vogt",
  title = {Fission reaction event yield algorithm FREYA -- For event-by-event simulation of fission},
  journal = "Comp. Phys. Commun.",
  volume = "191",
  pages = "178-202",
  year = 2015,
}

@article{FREYA2,
  author = "J.M. Verbeke and J. Randrup and R. Vogt",
  title = {Fission reaction event yield algorithm FREYA 2.0.2},
  journal = "Comp. Phys. Commun.",
  volume = "222",
  pages = "263-266",
  year = 2018,
}

@article{PbP,
  author = "A. Tudora and F.-J. Hambsch",
  title = {Comprehensive overview of the Point-by-Point model of prompt emission in fusion},
  journal = "Eur. Phys. J. A",
  volume = "53",
  pages = "159",
  year = 2017,
}

@Book{SYU7,
 language={russian},
 title = {Квантовая теория углового момента},
 publisher = {Ленинград: Наука},
 year = {1975},
 author = {Д. А. Варшалович and А. Н. Москалев and В. К. Херсонский}
}

@Book{SYU8,
 language={russian},
 title = {Графические методы алгебры спинов},
 publisher = {М.: Мир},
 year = {1974},
 author = {Э. Эль-Баз and Б. Кастель}
}

@article{Dis307,
  author = "J. C. Allred and others",
  journal = "Phys. Rev.",
  volume = 88,
  pages = "433",
  year = 1952
}

@article{Dis309,
  author = "V. I. Grancev and others",
  journal = "Ukr. Fiz. Zh.",
  volume = 28,
  pages = "506",
  year = 1983
}

@article{Dis320,
  author = "E. T. Boschitz and others",
  journal = "Phys. Rev. C",
  volume = 6,
  pages = "457",
  year = 1972
}

@techreport{Dis417,
  author = "A. V. Dobrovolsky and others",
  year = 1988,
  number = "LENI-88-1454",
  institution = "LENI"
}

@techreport{Aldrich83,
  author = "J.M. Aldrich",
  title = "Neutron Spectra and Dose Equivalent Inside Nuclear Power Reactor Containment",
  year = 1983,
  number = "PNL-3531 RH",
  institution = "Pacific Northwest Laboratory"
}

@article{Lynch91,
  author = "G.R. Lynch and O.I. Dahl",
  title = "Approximations to multiple Coulomb Scattering",
  journal = "Nucl. Instr. Meth. B",
  volume = 58,
  pages = "6-10",
  year = 1991,
}

@article{Dis427,
  author = "P. Berthet and others",
  journal = "J. Phys. G",
  volume = 8,
  pages = "111",
  year = 1982
}

@article{Dis428,
  author = "E. Huttel and others",
  journal = "Nucl. Phys. A",
  volume = 406,
  pages = "435",
  year = 1983
}

@article{Dis429,
  author = "C. R. Brune and others",
  journal = "Phys. Rev. C",
  volume = 63,
  pages = "044013",
  year = 2001
}

@article{Dis430,
  author = "M. H. Wood and others",
  journal = "Phys. Rev. C",
  volume = 65,
  pages = "034002",
  year = 2002
}

@article{Dis431,
  author = "D. C. Kocher and T. B. Clegg",
  journal = "Nucl. Phys. A",
  volume = 132,
  pages = "455",
  year = 1969
}

@article{Dis432,
  author = "F. Lahlou and et al.",
  journal = "J. Phys.",
  volume = 41,
  pages = "485",
  year = 1980
}

@article{Dis433,
  author = "A. S. Wilson and et al.",
  journal = "Nucl. Phys. A",
  volume = 130,
  pages = "624",
  year = 1969
}

@article{Dis434,
  author = "K. Sagara and et al.",
  journal = "Phys. Rev. C",
  volume = 50,
  pages = "576",
  year = 1994
}

@article{Dis435,
  author = "J. E. Brolley and et al.",
  journal = "Phys. Rev.",
  volume = 117,
  pages = "1307",
  year = 1960
}

@article{Dis436,
  author = "W. Haeberli and et al.",
  journal = "Phys. Lett. B",
  volume = 133,
  pages = "347",
  year = 1970
}

@article{Dis437,
  author = "R. Grotzschel and et al.",
  journal = "Nucl. Phys. A",
  volume = 174,
  pages = "301",
  year = 1971
}

@article{Dis438,
  author = "A. E. Borzakovskij and S. V. Romanovskij",
  journal = "Ukr. Fiz. Zh.",
  volume = 22,
  pages = "2056",
  year = 1977
}

@article{Dis439,
  author = "W. Gruebler and et al.",
  journal = "Phys. Lett. B",
  volume = 74,
  pages = "173",
  year = 1978
}

@article{Dis440,
  author = "G. Rauprich and et al.",
  journal = "Few-Body Syst.",
  volume = 5,
  pages = "67",
  year = 1988
}

@article{Dis441,
  author = "M. Sawada and et al.",
  journal = "Phys. Rev. C",
  volume = 27,
  pages = "1932",
  year = 1983
}

@article{Dis442,
  author = "R. O. Kerman and R. Nilson",
  journal = "Phys. Rev.",
  volume = 107,
  pages = "200",
  year = 1957
}

@article{Dis443,
  author = "D. O. Caldwell and J. R. Richardson",
  journal = "Phys. Rev.",
  volume = 98,
  pages = "28",
  year = 1955
}

@article{Dis444,
  author = "C. C. Kim and et al.",
  journal = "Nucl. Phys.",
  volume = 58,
  pages = "32",
  year = 1964
}

@article{Dis445,
  author = "J. H. Williams and M. K. Brussel",
  journal = "Phys. Rev.",
  volume = 110,
  pages = "136",
  year = 1958
}

@article{Dis446,
  author = "H. Shimizu and et al.",
  journal = "Nucl. Phys. A",
  volume = 382,
  pages = "242",
  year = 1982
}

@article{Dis447,
  author = "K. Ermisch and et al.",
  journal = "Phys. Rev. C",
  volume = 68,
  pages = "051001",
  year = 2003
}

@article{Dis448,
  author = "H. Rohdjess and et al.",
  journal = "Phys. Rev. C",
  volume = 57,
  pages = "2111",
  year = 1998
}

@article{Dis449,
  author = "H. Hatanaka and et al.",
  journal = "Phys. Rev. C",
  volume = 65,
  pages = "044002",
  year = 2002
}

@article{Dis450,
  author = "H. Sakai and et al.",
  journal = "Phys. Rev. Lett.",
  volume = 84,
  pages = "5288",
  year = 2000
}

@article{Dis451,
  author = "J. Fain and et al.",
  journal = "Nucl. Phys. A",
  volume = 262,
  pages = "413",
  year = 1976
}

@article{Dis452,
  author = "G. N. Velichko and et al.",
  journal = "Sov. J. Nucl. Phys.",
  volume = 47,
  pages = "755",
  year = 1988
}

@article{Dis453,
  author = "F. Irom and et al.",
  journal = "Phys. Rev. C",
  volume = 28,
  pages = "2380",
  year = 1983
}

@article{Dis454,
  author = "E. Winkelmann and et al.",
  journal = "Phys. Rev. C",
  volume = 21,
  pages = "2535",
  year = 1980
}

@article{Dis460,
  author = "H. Berg and et al.",
  journal = "Nucl. Phys. A",
  volume = 334,
  pages = "21",
  year = 1980
}

@article{Dis461,
  author = "T. A. Tombrello and et al.",
  journal = "Nucl. Phys.",
  volume = 39,
  pages = "541",
  year = 1962
}

@article{Dis462,
  author = "D. G.Mcdonald and et al.",
  journal = "Phys. Rev. B",
  volume = 133,
  pages = "1178",
  year = 1964
}

@article{Dis463,
  author = "T. B. Clegg and et al.",
  journal = "Nucl. Phys.",
  volume = 50,
  pages = "621",
  year = 1964
}

@article{Dis464,
  author = "J. E. Broller and et al.",
  journal = "Phys. Rev.",
  volume = 117,
  pages = "1307",
  year = 1960
}

@article{Dis465,
  author = "R. H. Lovberg and et al.",
  journal = "Phys. Rev.",
  volume = 103,
  pages = "1393",
  year = 1956
}

@article{Dis466,
  author = "B. T. Murdoch and et al.",
  journal = "Phys. Rev. C",
  volume = 29,
  pages = "2001",
  year = 1984
}

@article{Dis467,
  author = "L. G. Volta and et al.",
  journal = "Phys. Rev. C",
  volume = 10,
  pages = "520",
  year = 1974
}

@techreport{Dis468,
  author = "J. S. Wesick",
  year = 1983,
  number = "Ph. D. thesis",
  institution = "University of Maryland"
}

@article{Dis469,
  author = "N. P. Goldstein and et al.",
  journal = "Can. J. Phys.",
  volume = 48,
  pages = "2629",
  year = 1970
}

@article{Dis470,
  author = "M. Geso and et al.",
  journal = "Phys. Rev. C",
  volume = 65,
  pages = "034005",
  year = 2002
}

@article{Dis471,
  author = "G. D. Alkhazov and et al.",
  journal = "Phys. Lett. B",
  volume = 85,
  pages = "43",
  year = 1979
}

@article{Dis472,
  author = "L. Kraus and I. Linck",
  journal = "Nucl. Phys. A",
  volume = 224,
  pages = "45",
  year = 1974
}

@article{Dis473,
  author = "A. C. L. Barnard and C. M. Jones and J. L. Weil",
  journal = "Nucl. Phys.",
  volume = 50,
  pages = "604",
  year = 1964
}

@article{Dis474,
  author = "P. D. Miller and G. C. Phillips",
  journal = "Phys. Rev.",
  volume = 112,
  pages = "2043",
  year = 1958
}

@article{Dis475,
  author = "W. E. Kreger and W. Jentschke and P. G. Kruger",
  journal = "Phys. Rev.",
  volume = 93,
  pages = "837",
  year = 1954
}

@article{Dis476,
  author = "T. M. Putnam and et al.",
  journal = "Phys. Rev.",
  volume = 104,
  pages = "1303",
  year = 1956
}

@article{Dis477,
  author = "J. Sanada and et al.",
  journal = "J. Phys. Soc. Jap.",
  volume = 14,
  pages = "1463",
  year = 1959
}

@article{Dis478,
  author = "R. G. Freemantle and et al.",
  journal = "Phil. Mag.",
  volume = 45,
  pages = "1090",
  year = 1954
}

@article{Dis479,
  author = "B. Cork and W. Hartsough",
  journal = "Phys. Rev.",
  volume = 96,
  pages = "1267",
  year = 1954
}

@article{Dis480,
  author = "J. H. Williams and S. W. Rasmussen",
  journal = "Phys. Rev.",
  volume = 98,
  pages = "56",
  year = 1955
}

@article{Dis481,
  author = "D. C. Dodder and et al.",
  journal = "Phys. Rev. C",
  volume = 15,
  pages = "518",
  year = 1977
}

@article{Dis482,
  author = "K. W. Brockman and et al.",
  journal = "Phys. Rev.",
  volume = 108,
  pages = "1000",
  year = 1957
}

@article{Dis483,
  author = "D. Garreta and J. Sura and A. Tarrats",
  journal = "Nucl. Phys. A",
  volume = 132,
  pages = "204",
  year = 1969
}

@article{Dis484,
  author = "S. M. Bunch and et al.",
  journal = "Nucl. Phys.",
  volume = 53,
  pages = "241",
  year = 1964
}

@article{Dis485,
  author = "M. Yoshimura and et al.",
  journal = "Phys. Rev. C",
  volume = 63,
  pages = "034618",
  year = 2001
}

@article{Dis486,
  author = "O. Chamberlain and et al.",
  journal = "Phys. Rev.",
  volume = 102,
  pages = "1659",
  year = 1956
}

@article{Dis487,
  author = "G. A. Moss and et al.",
  journal = "Phys. Rev. C",
  volume = 21,
  pages = "1932",
  year = 1980
}

@article{Dis488,
  author = "S. M. Sterbenz and et al.",
  journal = "Phys. Rev. C",
  volume = 45,
  pages = "2578",
  year = 1992
}

@article{Dis489,
  author = "H. Courant and et al.",
  journal = "Phys. Rev. C",
  volume = 19,
  pages = "104",
  year = 1979
}

@article{Dis490,
  author = "J. Fong and et al.",
  journal = "Phys. Lett. B",
  volume = 78,
  pages = "205",
  year = 1978
}

@article{Dis497,
  author = "W. Makofske and et al.",
  journal = "Phys. Rev. C",
  volume = 5,
  pages = "780",
  year = 1972
}

@article{Dis498,
  author = "R. Varner and et al.",
  journal = "Phys. Rep.",
  volume = 201,
  pages = "57",
  year = 1991
}

@article{Dis499,
  author = "W. T. H. Van OerM.s and et al.",
  journal = "Phys. Rev. C",
  volume = 10,
  pages = "307",
  year = 1974
}

@article{Dis500,
  author = "B. W. Ridley and J. F. Turner",
  journal = "Nucl. Phys.",
  volume = 58,
  pages = "497",
  year = 1964
}

@article{Dis501,
  author = "D. W. Devins and et al.",
  journal = "Nucl. Phys.",
  volume = 35,
  pages = "617",
  year = 1962
}

@article{Dis502,
  author = "W. T. Wagner and et al.",
  journal = "Phys. Rev. C",
  volume = 12,
  pages = "757",
  year = 1975
}

@article{Dis503,
  author = "J. E. Finck and et al.",
  journal = "Nucl. Phys. A",
  volume = 407,
  pages = "163",
  year = 1983
}

@article{Dis504,
  author = "T. Stovall and N. M. Hintz",
  journal = "Phys. Rev. B",
  volume = 135,
  pages = "330",
  year = 1964
}

@article{Dis505,
  author = "L. N. Blumberg and et al.",
  journal = "Phys. Rev.",
  volume = 147,
  pages = "812",
  year = 1966
}

@article{Dis506,
  author = "K. Yagi and et al.",
  journal = "Nucl. Phys. A",
  volume = 121,
  pages = "161",
  year = 1968
}

@article{Dis507,
  author = "C. B. Fulmer and et al.",
  journal = "Phys. Rev.",
  volume = 181,
  pages = "1565",
  year = 1969
}

@article{Dis508,
  author = "H. Sakaguchi and et al.",
  journal = "Phys. Rev. C",
  volume = 26,
  pages = "944",
  year = 1982
}

@article{Dis509,
  author = "H. Sakaguchi and et al.",
  journal = "Phys. Lett. B",
  volume = 99,
  pages = "92",
  year = 1981
}

@article{Dis510,
  author = "A. Nadasen and et al.",
  journal = "Phys. Rev. C",
  volume = 23,
  pages = "1023",
  year = 1981
}

@article{Dis511,
  author = "G. Gerstein and J. Niederer and K. Strauch",
  journal = "Phys. Rev.",
  volume = 108,
  pages = "427",
  year = 1957
}

@article{Dis512,
  author = "A. Willis and et al.",
  journal = "Phys. Rev.",
  volume = 30,
  pages = "13",
  year = 1969
}

@article{Dis513,
  author = "D. A. Hutcheon and et al.",
  journal = "Nucl. Phys. A",
  volume = 483,
  pages = "429",
  year = 1988
}

@article{Dis514,
  author = "L. Lee and et al.",
  journal = "Phys. Lett. B",
  volume = 205,
  pages = "219",
  year = 1988
}

@article{Dis515,
  author = "D. K. McDaniels and et al.",
  journal = "Phys. Rev. C",
  volume = 33,
  pages = "1943",
  year = 1986
}

@article{Dis516,
  author = "C. Djakali and et al.",
  journal = "Nucl. Phys. A",
  volume = 380,
  pages = "42",
  year = 1982
}

@article{Dis517,
  author = "F. E. Bertrand and et al.",
  journal = "Phys. Rev. C",
  volume = 34,
  pages = "45",
  year = 1986
}

@article{Dis518,
  author = "R. E. Richardson and et al.",
  journal = "Phys. Rev.",
  volume = 86,
  pages = "29",
  year = 1952
}

@article{Dis519,
  author = "A. M. Mack and et al.",
  journal = "Phys. Rev. C",
  volume = 52,
  pages = "291",
  year = 1995
}

@article{Dis520,
  author = "G. W. Hoffman and et al.",
  journal = "Phys. Rev. Lett.",
  volume = 47,
  pages = "1436",
  year = 1981
}

@article{Dis521,
  author = "G. W. Hoffman and et al.",
  journal = "Phys. Rev. C",
  volume = 21,
  pages = "1488",
  year = 1980
}

@article{Dis522,
  author = "G. S. Blanpied and et al.",
  journal = "Phys. Rev. C",
  volume = 32,
  pages = "2152",
  year = 1985
}

@article{Dis523,
  author = "N. M. Hintz and et al.",
  journal = "Phys. Rev. C",
  volume = 37,
  pages = "692",
  year = 1988
}

@article{Dis524,
  author = "M. M. Gazzaly and et al.",
  journal = "Phys. Rev. C",
  volume = 25,
  pages = "408",
  year = 1982
}

@article{Dis525,
  author = "G. D. Alkhazov and et al.",
  journal = "Sov. J. Nucl. Phys.",
  volume = 26,
  pages = "357",
  year = 1977
}

@article{Dis526,
  author = "R. Bertini and et al.",
  journal = "Phys. Lett. B",
  volume = 45,
  pages = "119",
  year = 1973
}

@article{Dis527,
  author = "A. Schiz and et al.",
  journal = "Phys. Rev. D",
  volume = 21,
  pages = "3010",
  year = 1980
}

@techreport{Dis528,
  author = "V. S. Barashenkov and W. Gudovski and A. Polanski",
  title = "Cross-sections of Interaction of Particles and Nuclei with Nuclei",
  year = 1999,
  number = "OIYaI-99",
  institution = "OIYaI (Dubna)"
}

@article{aCa40-1,
  author = "P. Robinson and J. P. Aldridge and Joseph John and R. H. Davis",
  journal = "Phys. Rev.",
  volume = 171,
  pages = "1241",
  year = 1968
}

@article{aCa40-2,
  author = "H. P. Gubler and U. Kiebele and H. O. Meyer and G. R. Plattner and I. Sick",
  journal = "Nucl. Phys. A",
  volume = 351,
  pages = "29",
  year = 1981
}

@article{aCa40-3,
  author = "A. M. Bernstein and M. Duffy and E. P. Lippincott",
  journal = "Phys. Lett. B",
  volume = 30,
  pages = "20",
  year = 1969
}


@article{aCa40-4,
  author = "D. H. Youngblood and R. L. Kozub and J. C. Hiebert and R. A. Kenefick",
  journal = "Nucl. Phys. A",
  volume = 143,
  pages = "512",
  year = 1970
}

@article{aCa40-5,
  author = "H. H. Chang and B. W. Ridley and T. H. Braid and T. W. Conlon and E. F. Gibson and N. S. P. King",
  journal = "Nucl. Phys. A",
  volume = 270,
  pages = "413",
  year = 1976
}

@article{aCa40-6,
  author = "G. Hauser and R. Lohken and H. Rebel and G. Schatz and G. W. Schweimer and J. Specht",
  journal = "Nucl. Phys. A",
  volume = 128,
  pages = "81",
  year = 1969
}

@article{a016-1,
  author = "J. John and J. P. Aldridge and R. H. Davis",
  journal = "Phys. Rev.",
  volume = 181,
  pages = "1455",
  year = 1969
}

@article{a016-2,
  author = "W. E. Hunt and M. K. Mehta and R. H. Davis",
  journal = "Phys. Rev.",
  volume = 160,
  pages = "782",
  year = 1967
}

@article{a016-3,
  author = "F. P. Brady and J. A. Jungerman and J. C. Young",
  journal = "Nucl. Phys. A",
  volume = 98,
  pages = "241",
  year = 1967
}

@article{a016-4,
  author = "M. K. Mehta and W. E. Hunt and R. H. Davis",
  journal = "Phys. Rev.",
  volume = 160,
  pages = "791",
  year = 1967
}

@article{aB11-1,
  author = "W. R. Ott and H. R. Weller",
  journal = "Phys. Rev.",
  volume = 160,
  pages = "791",
  year = 1967
}

@article{aB11-2,
  author = "W. R. Ott and H. R. Weller",
  journal = "Nucl. Phys. A",
  volume = 198,
  pages = "505",
  year = 1972
}

@article{aC12,
  author = "J. Aguilar and C. Fernandez Pineda and J. Catala and J. L. Ferrero and A. Garcia",
  journal = "Anales de Fisica y Quimica",
  volume = 65,
  pages = "201",
  year = 1969
}

@article{aCu63-65,
  author = "C. Pirart and M. Bosman and P. Leleux and P. Macq and J. P. Meulders",
  journal = "Phys. Rev. C",
  volume = 17,
  pages = "810",
  year = 1978
}

@article{aLi6-1,
  author = "H. Bohlen and N. Marquardt and W. Von Oertzen and Ph. Gorodetzky",
  journal = "Nucl. Phys. A",
  volume = 179,
  pages = "504",
  year = 1972,
  issue = 2
}

@article{aLi6-2,
  author = "H. R. Blieden and G. M. Temmer and K. L. Warsh",
  journal = "Nucl. Phys.",
  volume = 49,
  pages = "209",
  year = 1963
}

@article{aLi6-3,
  author = "H. G. Bingham and K. W. Kemper and N. R. Fletcher",
  journal = "Nucl. Phys. A",
  volume = 175,
  pages = "374",
  year = 1971,
  issue = 2
}

@article{aLi6-4,
  author = "V. N. Bragin and N. T. Burtebaev and A. D. Dujsebaev and G. N. Ivanov and S. B. Sakuta and V. I. Chuev and L. V. Chulkov",
  journal = "Physics of Atomic Nuclei",
  volume = 44,
  pages = "312",
  year = 1986
}

@article{aMg24,
  author = "S. Ya. Aisina and K. A. Kuterbekov and N. N. Pavlova and A. V. Yushkov",
  journal = "Izv. Rossiiskoi Akademii Nauk, Ser.Fiz.",
  volume = 53,
  pages = "37",
  year = 1989
}

@article{aSn116,
  author = "H. L. Clark and Y.-W. Lui and D. H. Youngblood",
  journal = "Phys. Rev. C",
  volume = 57,
  pages = "2887",
  year = 1998
}

@article{aZn64-1,
  author = "A. Di Pietro and P. Figuera and F. Amorini and C. Angulo and G. Cardella and S. Cherubini and T. Davinson and D. Leanza and J. Lu and H. Mahmud and M. Milin and A. Musumarra and A. Ninane and M. Papa and M. G. Pellegriti and R. Raabe and F. Rizzo and C. Ruiz and A. C. Shotter and N. Soic and S. Tudisco and L. Weissman",
  journal = "Phys. Rev. C",
  volume = 69,
  pages = "044613",
  year = 2004
}

@article{aZn64-2,
  author = "F. Ballester and E. Casal and J. B. A. England",
  journal = "Nucl. Phys. A",
  volume = 490,
  pages = "245",
  year = 1988
}

@article{aZn64-3,
  author = "K. B. Baktybaev and A. D. Dujsebaev and A. B. Kabulov",
  journal = "Izv. Rossiiskoi Akademii Nauk, Ser.Fiz.",
  volume = 39,
  pages = "2152",
  year = 1975
}


@article{He3He4-1,
  author = "P. Mohr and H. Abele and R. Zwiebel and G. Staudt and H. Krauss and H. Oberhummer and\ A. Denker and J.W. Hammer and G. Wolf",
  journal = "Phys. Rev. C",
  volume = 48,
  pages = "1420",
  year = 1993
}

@article{He3He4-2,
  author = "L. S. Chuang",
  journal = "Nucl. Phys. A",
  volume = 174,
  pages = "399",
  year = 1971,
  issue = 2
}

@article{He3He4-3,
  author = "P. D. Miller and G. C. Phillips",
  journal = "Phys. Rev.",
  volume = 112,
  pages = "2048",
  year = 1958,
  issue = 6
}

@article{He3He4-4,
  author = "T. A. Tombrello and P. D. Parker",
  journal = "Phys. Rev.",
  volume = 130,
  pages = "1112",
  year = 1963,
  issue = 3
}

@article{He3He4-5,
  author = "R. J. Spiger and T. A. Tombrello",
  journal = "Phys. Rev.",
  volume = 163,
  pages = "964",
  year = 1967,
  issue = 4
}

@article{He3He4-6,
  author = "O. K. Gorpinich and V. I. Konfederatenko and V. V. Ostashko and O. M. Povoroznik and A. T. Rudchik and B. G. Struzhko",
  journal = "Izv. Rossiiskoi Akademii Nauk, Ser.Fiz.",
  volume = 56,
  pages = "192",
  year = 1992,
  issue = 3
}

@article{He3He4-7,
  author = "P. G. Roos and A. Nadasen and P. E. Frisbee and N. S. Chant and T. A. Carey and M. T. Collins and B. Th. Leeman and P. J. Griffin and R. D. Koshel",
  journal = "Phys. Rev. C",
  volume = 21,
  pages = "799",
  year = 1980
}

@article{tHe4,
  author = "R. E. Brown and et al.",
  journal = "Phys. Rev.",
  volume = 176,
  pages = "1235",
  year = 1968,
  issue = 12
}

@article{tHe3,
  author = "R. F. Haglund Jr and G. G. Ohlsen and R. A. Hardekopf and N. Jarmie and R. E. Brown and P. A. Schmelzbach",
  journal = "Phys. Rev. C",
  volume = 15,
  pages = "1613",
  year = 1977,
  issue = 5
}

@article{aAL27-1,
  author = "J. Lega and P. C. Macq",
  journal = "Nucl. Phys. A",
  volume = 218,
  pages = "429",
  year = 1974
}

@article{aAL27-2,
  author = "S. Wiktor and C. Mayer-Boricke and A. Kiss and M. Rogge and P. Turek and H. Dabrowski",
  journal = "Acta Physica Polonica B",
  volume = 12,
  pages = "491",
  year = 1981
}

@article{Sys_pA,
  author = "M. V. Ivanov and J. R. Vignote and R. Alvarez-Rodriguez and J. M. Udias",
  title = "A Systematic Study of Elastic Proton-nucleus Scattering",
  journal = Nucl. Theory,
  volume = 30,
  pages = "116",
  year = 2011
}

@techreport{70/435-T,
  language = "russian",
  author = "С. Е. Куратов and М. В. Косов and Д. И. Сорокин",
  title = "НАУЧНО-ТЕХНИЧЕСКИЙ ОТЧЕТ, подэтап 6.1 «Развитие программного комплекса ТРТ». Определение энергетических характеристик пучка ионов, проходящего через толстые замедлители. Шифр темы «ЦФПИ-Ядро».",
  year = 2016,
  number = "70/435-T",
  institution = "ВНИИА"
}

@techreport{70/519-T,
  language = "russian",
  author = "С. Е. Куратов and М. В. Косов and Д. И. Савин and А. А. Галюзов",
  title = "НАУЧНО-ТЕХНИЧЕСКИЙ ОТЧЕТ ПО НИР «Расширение баз данных и развитие многопроцессорных алгоритмов программного комплекса ТРТ для ускорения моделирования радиационного переноса нейтронов». Шифр темы «Вычислитель».",
  year = 2017,
  number = "70/519-T",
  institution = "ВНИИА"
}

@techreport{70/640-T,
  language = "russian",
  author = "С. Е. Куратов and М. В. Косов and А. А. Галюзов",
  title = "ОТЧЕТ ПО ИССЛЕДОВАНИЯМ ЦФПИ ФГУП ВНИИА в 2017 г. Этап.4 «Радиационная и ядерная физика»: Подэтап 4.1. «Использование графических ускорителей для ускорения ТРТ расчётов радиационного транспорта», Оптимизация алгоритма собственного ТРТ навигатора радиационного транспорта для графических ускорителей",
  year = 2017,
  number = "70/640-T",
  institution = "ВНИИА"
}

@techreport{70/662-T,
  language = "russian",
  author = "С. Е. Куратов and М. В. Косов and C. Ю. Игашов and Д. И. Савин and А. А. Галюзов",
  title = "НАУЧНО-ТЕХНИЧЕСКИЙ ОТЧЁТ ПО НИР «Совершенствование физических моделей взаимодействия излучений с веществом: совершенствование модели упругого ион-ионного рассеяния в конструкционных материалах». Шифр темы «Сочетание».",
  year = 2018,
  number = "70/662-T",
  institution = "ВНИИА"
}

@techreport{70/678-T,
  language = "russian",
  author = "С. Е. Куратов and М. В. Косов and Д. И. Савин and А. А. Галюзов",
  title = "НАУЧНО-ТЕХНИЧЕСКИЙ ОТЧЁТ ПО НИР «Расширение баз данных, физических моделей и алгоритмов радиационного переноса для моделирования углового распределения нейтронов в реакциях нейтронного размножения и реакциях синтеза в комплексе ТРТ с применением алгоритмов для графических ускорителей». Шифр темы «Вычислитель».",
  year = 2018,
  number = "70/678-T",
  institution = "ВНИИА"
}

@Book{KNL,
  author = "J. Jeffers and J. Reinders and A. Sodani",
  title = "Intel XEON PHI processor high performance programming. Knights Landing edition.",
  publisher = "ELSEVIER Inc.",
  year = 2016
}

@Book{GPGPU,
  author = "N. Wilt",
  title = "The CUDA handbook. A Comprehensive Guide to GPU Programming.",
  publisher = "Addison-Wesley Inc.",
  year = 2013
}


@article{Bethe,
  author = "H. A. Bethe",
  journal = "Physical Review",
  volume = 89,
  pages = "1256",
  year = 1953
}

@article{Scott,
  author = "W. T. Scott",
  journal = "Review of Modern Physics",
  volume = 35,
  pages = "231",
  year = 1963
}

@article{Shen,
  author = "G. Shen and C. Ankenbrandt and M. Atac and R. Brown and S. Ecklund and P. J. Gollon and J. Lach and J. MacLachlan and A. Roberts and L. A. Fajardo and R. Majka and J. N. Marx and P. Nemethy and L. Rosselet and J. Sandweiss and A. Schiz and A. J. Slaughter",
  title = "Measurement of multiple scattering at 50 to 200 GeV/c",
  journal = "Physical Review D",
  volume = 20,
  pages = "1584",
  year = 1979
}

@article{Wong,
  author = "M. Wong and W. Schimmerling and M. H. Phillips and B. A. Ludewigt and D. A. Landis and J. T. Walton and S. B. Curtis",
  title = "Gaussian distribution of modified Fermi theory",
  journal = "Medical Physics",
  volume = 17,
  pages = "163",
  year = 1990
}

@article{Eyges,
  author = "L. Eyges ",
  title = "Multiple scattering with energy loss",
  journal = "Physical Review",
  volume = 74,
  pages = "1534",
  year = 1948
}

@article{RossiGreisen,
  author = "B. Rossi and K. Greisen",
  title = "Cosmic Ray Theory",
  journal = "Review of Modern Physics",
  volume = 13,
  pages = "240",
  year = 1941
}

@article{Hanson,
  author = "A. O. Hanson and L. H. Lanzl and E. M. Lyman and M. B. Scott",
  title = "Measurement of multiple scattering of 15.7 MeV electrons",
  journal = "Physical Review",
  volume = 84,
  pages = "634",
  year = 1951
}

@article{Kanematsu8,
  author = "N. Kanematsu",
  title = "Alternative scattering power for Gaussian beam model of heavy charged particles",
  journal = "Nuclear Instruments and Methods B",
  volume = 266,
  pages = "5056",
  year = 2008
}

@article{Kanematsu9,
  author = "N. Kanematsu",
  title = "Semi-empirical formulation of multiple scattering for the Gaussian beam model of heavy charged particles stopping in tissue-like matter",
  journal = "Physics in Medicine and Biology",
  volume = 54,
  pages = "N67",
  year = 2009
}

@article{SRIM,
  author = "J. F. Ziegler and M. D. Ziegler and J. P. Biersack",
  title = "SRIM - The stopping and range ions in matter (2010)",
  journal = "Nucl. Instr. and Meth. in Phys. Research B",
  volume = 268,
  pages = "1818",
  year = 2010
}

@article{CHIPS_F,
  author = "M. V. Kossov",
  title = "Thermodynamic quark-parton model of multiple hadron production
 on nuclei",
  journal = "Preprint ITEP",
  volume = 165,
  issue = "1",
  pages = "1-20",
  year = 1984,
  month = "January"
}

@article{CHIPS_Man,
  author = "M. V. Kossov",
  title = "Manual for the CHIPS event generator",
  journal = "Preprint KEK Internal H/R",
  volume = 2000,
  issue = "17",
  pages = "1-50",
  year = 2001,
  month = "February"
}

@article{CHIPS_AP,
  author = "M. V. Kossov",
  title = "Simulation of antiproton-nuclear annihilation at rest",
  journal = "IEEE Trans. Sci.",
  volume = 52,
  pages = "2832",
  year = 2005
}

@article{ENDF/B-VII.1,
  author = "M. B. Chadwick and et al.",
  title = "Nuclear Data for Science and Technology: Cross Sections, Covariances, Fission Product Yields and Decay Data",
  journal = "Nuclear Data Sheets",
  volume = 112,
  issue = "12",
  pages = "2887-2996",
  year = 2011,
  month = "December"
}

@incollection{NeutronHP,
  author = "J. P. Wellisch",
  title = "The Neutron\_HP Neutron Transport Code",
  booktitle = "The Monte Carlo Method: Versatility Unbounded in a Dynamic Computing World {CD-ROM}",
  publisher = "American Nuclear Society",
  year = 2005,
  adress = "Chattanooga, Tennessee"
}

@techreport{Norman09,
  author = "R.B. Norman and F. Dick and J.W. Norbury and S.R. Blattnig",
  title = "Differential Cross Sections for Proton-Proton Elastic Scattering",
  year = 2009,
  number = "NASA/TP-2009-215565",
  institution = "NASA Center for Aero Space Information"
}

@techreport{WaterBall,
  author = "D. E. Cullen and et al.",
  title = "How Accurately Can We Calculate Neutrons Slowing Down In Water?",
  year = 2006,
  number = "UCRL-TR-220605",
  institution = "Lawrence Livermore National Laboratory",
  adress = "P.O.Box 808/L-159, Livermore, CA 94550"
}

@techreport{DBR,
  author = "N. M. Larson and M. C. Moxon and L. C. Leal and H. Derrien",
  title = "Doppler Broadening Revisited",
  year = 1998,
  number = "ORNL/TM-13525",
  institution = "Oak Ridge National Laboratory"
}

@techreport{GNASH,
  author = "P. G. Young and E. D. Arthur and M. B. Chadwick",
  title = "Comprihensive Nuclear Model Calculations: Introduction to the Theory and Use of the GNASH Code",
  year = 1992,
  number = "LA-12343-MS",
  institution = "Los Alamos National Laboratory"
}

@techreport{ACE,
  author = "J. L. Conlin",
  title = "Listing of Available ACE Data Tables",
  year = 2017,
  number = "LA-UR-17-20709",
  institution = "Los Alamos National Laboratory"
}

@techreport{NuclGlor,
  author = "V. B. Kopeliovich and G. K. Matushko and I. K. Potashnikova",
  title = "Nuclear glory phenomenon ('Buddha's light' of cunulative particles",
  year = 2014,
  note = "arXiv:1412.7707[physics.nucl-th]",
  institution = "MPTI"
}

@techreport{NavGPU,
  author = "O. Seiskari and J. Kommeri and T. Niemi",
  title = "GPU in Physics Computation: Case Geant4 Navigation",
  year = 2011,
  note = "arXiv:1209.5235v1[physics.comp-ph]",
  institution = "CERN"
}

@misc{CHIPS-url,
  note = "\url{http://vniia.ru/cfpi/eng/wptpt.html}"
}

@techreport{70/48-T,
  language = "russian",
  author = "С. Е. Куратов and М. В. Косов and Д. И. Савин",
  title = "НАУЧНО-ТЕХНИЧЕСКИЙ ОТЧЕТ ПО НИР «Ядерно-радиационная физика» Этап 1. Выбор направлений исследований. Подэтап 1.4. Анализ различных баз данных (ENDF/B,TENDL, JENDL, RUSFOND) и алгоритмов реакций (n, n’ $\gamma$). Создание эксклюзивного ТРТ-генератора реакции (n, n’$\gamma$) в формате пакета программ Geant4.",
  year = 2012,
  number = "70/48-T",
  institution = "ВНИИА"
}

@techreport{70/49-T,
  language = "russian",
  author = "С. Е. Куратов and М. В. Косов",
  title = "НАУЧНО-ТЕХНИЧЕСКИЙ ОТЧЕТ ПО НИР «Физика высоких энергий и астрофизика» Этап 1. Выбор направлений исследований. Подэтап 1.5. Анализ  возможности описания процессов переноса частиц и излучения в калориметре установки CMS Большого адронного коллайдера. Моделирование переднего калориметра установки CMS Большого Адронного Коллайдера с помощью прототипа программы TPT.",
  year = 2012,
  number = "70/49-T",
  institution = "ВНИИА"
}

@techreport{70/92-T,
  language = "russian",
  author = "С. Е. Куратов and М. В. Косов and Д. И. Савин",
  title = "НАУЧНО-ТЕХНИЧЕСКИЙ ОТЧЕТ ПО НИР «Ядерно-радиационная физика» Этап 3. Разработка физико-математических моделей. Обобщение результатов исследований. Подэтап 3.4. Создание алгоритма (n, n’ $\gamma$) реакций, (n, $\gamma$) реакций с расширенным набором изотопов-мишеней. Эксклюзивное TPT моделирование излучения гамма квантов в нейтрон-ядерных реакциях при энергиях ниже 20 МэВ.",
  year = 2012,
  number = "70/92-T",
  institution = "ВНИИА"
}


@techreport{70/93-T,
  language = "russian",
  author = "С. Е. Куратов and М. В. Косов and И. В. Кудинов",
  title = "НАУЧНО-ТЕХНИЧЕСКИЙ ОТЧЕТ ПО НИР. «Ядерно-радиационная физика» Этап 3. Разработка физико-математических моделей. Обобщение результатов исследований. Подэтап 3.4. Создание алгоритма (n, n’ $\gamma$) реакций, (n, $\gamma$) реакций с расширенным набором изотопов-мишеней. Сравнение экспериментальных данных с различными вариантами Geant4 и TPT моделирования.",
  year = 2012,
  number = "70/93-T",
  institution = "ВНИИА"
}

@techreport{70/115-T,
  language = "russian",
  author = "С. Е. Куратов and М. В. Косов and Д. И. Савин",
  title = "НАУЧНО-ТЕХНИЧЕСКИЙ ОТЧЕТ ПО НИР <<Совершенствование физических моделей процессов и состояний в интересах поддержания надежности, безопасности и модернизации ядерного арсенала>> Этап 9.5.Совершенствование физической модели взаимодействия с веществом. Совершенствование модели взаимодействия излучения с веществом: моделирование тепловых нейтронов и нейтрон-ядерных реакций с рождением двух ядерных фрагментов.",
  year = 2013,
  number = "70/115-T",
  institution = "ВНИИА"
}

@techreport{70/124-T,
  language = "russian",
  author = "С. Е. Куратов and М. В. Косов and Д. И. Савин",
  title = "ОТЧЕТ ПО ИССЛЕДОВАНИЯМ ЦЕНТРА ФУНДАМЕНТАЛЬНЫХ И ПРИКЛАДНЫХ ИССЛЕДОВАНИЙ ФГУП <<ВНИИА>> в 2013 г. Этап 5. Ядерно-радиационная физика. Подэтап 5.1. <<Развитие моделей, описывающих нейтронно-ядерные взаимодействия в рамках программного комплекса ТРТ>> Валидация ТРТ моделирования упругого рассеяния и радиационного захвата нейтронов.",
  year = 2013,
  number = "70/124-T",
  institution = "ВНИИА"
}

@techreport{70/162-T,
  language = "russian",
  author = "С. Е. Куратов and М. В. Косов and Д. И. Савин",
  title = "ОТЧЕТ ПО ИССЛЕДОВАНИЯМ ЦЕНТРА ФУНДАМЕНТАЛЬНЫХ И ПРИКЛАДНЫХ ИССЛЕДОВАНИЙ ФГУП <<ВНИИА>> в 2013 г. Этап 5. Ядерно-радиационная физика. Подэтап 5.1. <<Развитие моделей, описывающих нейтронно-ядерные взаимодействия в рамках программного комплекса ТРТ>> Валидация ТРТ моделирования деления и мультифрагментации.",
  year = 2013,
  number = "70/162-T",
  institution = "ВНИИА"
}

@techreport{70/163-T,
  language = "russian",
  author = "С. Е. Куратов and М. В. Косов and Д. И. Савин and И. В. Кудинов",
  title = "НАУЧНО-ТЕХНИЧЕСКИЙ ОТЧЕТ ПО ОКР <<Комплекс работ по моделированию ядерных боеприпасов и их составных частей на основе современных программно-аппаратных комплексов и расчетных технологий>> Этап 1.3. “Разработка и валидация в рамках математического комплекса ТРТ методики расчета нейтронной кинетики.",
  year = 2013,
  number = "70/163-T",
  institution = "ВНИИА"
}

@techreport{70/170-T,
  language = "russian",
  author = "С. Е. Куратов and М. В. Косов and А. В. Чертков",
  title = "ОТЧЕТ ПО ИССЛЕДОВАНИЯМ ЦЕНТРА ФУНДАМЕНТАЛЬНЫХ И ПРИКЛАДНЫХ ИССЛЕДОВАНИЙ ФГУП <<ВНИИА>> в 2014 г. <<Расчёт досмотровой установки, основанной на методе корреляционной гамма-спектроскопии>>, Критерий обнаружения Неймана-Пирсона для случайных величин, подчиняющихся распределению Пуассона",
  year = 2014,
  number = "70/170-T",
  institution = "ВНИИА"
}

@techreport{70/171-T,
  language = "russian",
  author = "С. Е. Куратов and М. В. Косов and А. В. Чертков",
  title = "ОТЧЕТ ПО ИССЛЕДОВАНИЯМ ЦЕНТРА ФУНДАМЕНТАЛЬНЫХ И ПРИКЛАДНЫХ ИССЛЕДОВАНИЙ ФГУП <<ВНИИА>> в 2014 г. <<Расчёт досмотровой установки, основанной на методе корреляционной гамма-спектроскопии>>, Оптимизация антикомптоновской защиты для крупногабаритных гамма-детекторов из жидкого сцинтиллятора LAB.",
  year = 2014,
  number = "70/171-T",
  institution = "ВНИИА"
}

@techreport{70/184-T,
  language = "russian",
  author = "С. Е. Куратов and М. В. Косов and Д. И. Савин",
  title = "ОТЧЕТ ПО ИССЛЕДОВАНИЯМ ЦЕНТРА ФУНДАМЕНТАЛЬНЫХ И ПРИКЛАДНЫХ ИССЛЕДОВАНИЙ ФГУП <<ВНИИА>> в 2014 г. подэтап 5.2 <<Расчёт досмотровой установки, основанной на методе корреляционной гамма-спектроскопии>>, Моделирование корреляционной каротажной установки.",
  year = 2014,
  number = "70/184-T",
  institution = "ВНИИА"
}

@techreport{70/190-T,
  language = "russian",
  author = "С. Е. Куратов and М. В. Косов and Д. И. Савин",
  title = "ОТЧЕТ ПО ИССЛЕДОВАНИЯМ ЦЕНТРА ФУНДАМЕНТАЛЬНЫХ И ПРИКЛАДНЫХ ИССЛЕДОВАНИЙ ФГУП <<ВНИИА>> в 2015 г. подэтап 5.1 <<Развитие программного комплекса ТРТ>>: Валидация ТРТ моделирования угловых распределений неупругого нейтрон-ядерного рассеяния и перехода к логарифмическим таблицам нейтронных сечений.",
  year = 2015,
  number = "70/190-T",
  institution = "ВНИИА"
}

@techreport{70/237-T,
  language = "russian",
  author = "С. Е. Куратов and М. В. Косов and Д. И. Савин",
  title = "ОТЧЕТ ПО ИССЛЕДОВАНИЯМ ЦЕНТРА ФУНДАМЕНТАЛЬНЫХ И ПРИКЛАДНЫХ ИССЛЕДОВАНИЙ ФГУП <<ВНИИА>> в 2014 г. подэтап 5.1 <<Развитие программного комплекса ТРТ>>: Создание ТРТ алгоритмов для заряженных ядерных фрагментов.",
  year = 2014,
  number = "70/237-T",
  institution = "ВНИИА"
}

@techreport{70/239-T,
  language = "russian",
  author = "С. Е. Куратов and М. В. Косов and Я. Л. Айзенберг",
  title = "ОТЧЕТ ПО ИССЛЕДОВАНИЯМ ЦЕНТРА ФУНДАМЕНТАЛЬНЫХ И ПРИКЛАДНЫХ ИССЛЕДОВАНИЙ ФГУП <<ВНИИА>> в 2014 г. подэтап 5.4 <<<Экспериментальная оценка неожиданных результатов экспериментов>>: Оценка возможного изменения вероятности радиоактивных распадов при мощном лазерном воздействии.",
  year = 2014,
  number = "70/239-T",
  institution = "ВНИИА"
}

@techreport{70/241-T,
  language = "russian",
  author = "С. Е. Куратов and М. В. Косов and Д. И. Савин and Д. И. Сорокин",
  title = "ОТЧЕТ ПО ИССЛЕДОВАНИЯМ ЦЕНТРА ФУНДАМЕНТАЛЬНЫХ И ПРИКЛАДНЫХ ИССЛЕДОВАНИЙ ФГУП <<ВНИИА>> в 2014 г. подэтап 5.1 <<Развитие программного комплекса ТРТ>>: Создание собственных электромагнитных ТРТ алгоритмов.",
  year = 2014,
  number = "70/241-T",
  institution = "ВНИИА"
}

@techreport{70/242-T,
  language = "russian",
  author = "С. Е. Куратов and М. В. Косов and С. Ю. Игашов",
  title = "ОТЧЕТ ПО ИССЛЕДОВАНИЯМ ЦЕНТРА ФУНДАМЕНТАЛЬНЫХ И ПРИКЛАДНЫХ ИССЛЕДОВАНИЙ ФГУП <<ВНИИА>> в 2014 г. подэтап 5.4 <<Экспериментальная оценка неожиданных результатов экспериментов>>: Оценка вероятности реакций поглощения протонов ядрами при низкой энергии.",
  year = 2014,
  number = "70/242-T",
  institution = "ВНИИА"
}

@techreport{70/271-T,
  language = "russian",
  author = "С. Е. Куратов and И. В. Кудинов",
  title = "ОТЧЕТ ПО ИССЛЕДОВАНИЯМ ЦЕНТРА ФУНДАМЕНТАЛЬНЫХ И ПРИКЛАДНЫХ ИССЛЕДОВАНИЙ ФГУП <<ВНИИА>> в 2014 г. этап 5 <<Радиационная и ядерная физика>>, подэтап 5.1 <<Развитие программного комплекса TPT. Создание TPT алгоритмов ядерной резонансной флуоресценции>>: Использование ядерной резонансной флуоресценции для обнаружения взрывчатых и других опасных веществ в крупногабаритных грузах. Монте-Карло моделирование ЯРФ.",
  year = 2014,
  number = "70/271-T",
  institution = "ВНИИА"
}

@techreport{70/308-T,
  language = "russian",
  author = "С. Е. Куратов and М. В. Косов and Д. И. Савин",
  title = "ОТЧЕТ ПО ИССЛЕДОВАНИЯМ ЦЕНТРА ФУНДАМЕНТАЛЬНЫХ И ПРИКЛАДНЫХ ИССЛЕДОВАНИЙ ФГУП <<ВНИИА>> в 2015 г. этап 5 <<Радиационная и ядерная физика>>, подэтап 5.3 <<Развитие программного комплекса ТРТ.>>: Моделирование энергетически-углового распределения нейтронов при неупругом рассеянии с возбуждением квазинепрерывного спектра ядра-мишени.",
  year = 2015,
  number = "70/308-T",
  institution = "ВНИИА"
}

@techreport{70/309-T,
  language = "russian",
  author = "С. Е. Куратов and М. В. Косов and Я. Л. Айзенберг",
  title = "ОТЧЕТ ПО ИССЛЕДОВАНИЯМ ЦЕНТРА ФУНДАМЕНТАЛЬНЫХ И ПРИКЛАДНЫХ ИССЛЕДОВАНИЙ ФГУП <<ВНИИА>> в 2015 г. этап 5 <<Радиационная и ядерная физика>>, подэтап 5.3 <<Развитие программного комплекса ТРТ.>>: Моделирование реакции фотоделения в широком диапазоне энергий гамма-квантов.",
  year = 2015,
  number = "70/309-T",
  institution = "ВНИИА"
}

@techreport{70/310-T,
  language = "russian",
  author = "С. Е. Куратов and М. В. Косов and Я. Л. Айзенберг",
  title = "ОТЧЕТ ПО ИССЛЕДОВАНИЯМ ЦЕНТРА ФУНДАМЕНТАЛЬНЫХ И ПРИКЛАДНЫХ ИССЛЕДОВАНИЙ ФГУП <<ВНИИА>> в 2015 г. этап 5 <<Радиационная и ядерная физика>>, подэтап 5.3 <<Развитие программного комплекса ТРТ.>>: Моделирование нейтрино-ядерных взаимодействий.",
  year = 2015,
  number = "70/310-T",
  institution = "ВНИИА"
}

@techreport{70/328-T,
  language = "russian",
  author = "С. Е. Куратов and М. В. Косов and С. В. Семенов",
  title = "ОТЧЕТ ПО ИССЛЕДОВАНИЯМ ЦЕНТРА ФУНДАМЕНТАЛЬНЫХ И ПРИКЛАДНЫХ ИССЛЕДОВАНИЙ ФГУП <<ВНИИА>> в 2015 г. этап 5 <<Радиационная и ядерная физика>>, подэтап 5.2 <<Анализ LENR-экспериментов>>: Обзор имеющихся LENR экспериментов и оценка перспективных направлений исследования.",
  year = 2015,
  number = "70/328-T",
  institution = "ВНИИА"
}

@techreport{70/338-T,
  language = "russian",
  author = "С. Е. Куратов and М. В. Косов and Д. И. Савин",
  title = "ОТЧЕТ ПО ИССЛЕДОВАНИЯМ ЦЕНТРА ФУНДАМЕНТАЛЬНЫХ И ПРИКЛАДНЫХ ИССЛЕДОВАНИЙ ФГУП <<ВНИИА>> в 2015 г. этап 5 <<Радиационная и ядерная физика>>, подэтап 5.3 <<Развитие программного комплекса ТРТ>>: Создание ТРТ алгоритмов для заряженных ядерных фрагментов. Моделирование энергетически-углового распределения заряженных ядерных фрагментов и нейтронов при множественном рождении в нейтрон-ядерных взаимодействиях.",
  year = 2015,
  number = "70/338-T",
  institution = "ВНИИА"
}

@techreport{70/401-T,
  language = "russian",
  author = "С. Е. Куратов and М. В. Косов and Д. И. Сорокин",
  title = "ОТЧЕТ ПО ИССЛЕДОВАНИЯМ ЦЕНТРА ФУНДАМЕНТАЛЬНЫХ И ПРИКЛАДНЫХ ИССЛЕДОВАНИЙ ФГУП <<ВНИИА>> в 2016 г. этап 5 <<Радиационная и ядерная физика>>, подэтап 5.3 <<Развитие программного комплекса ТРТ>>: Моделирование каналирования дейтронов в дейтриде титана.",
  year = 2016,
  number = "70/401-T",
  institution = "ВНИИА"
}

@techreport{70/426-T,
  language = "russian",
  author = "С. Е. Куратов and М. В. Косов and Д. И. Савин",
  title = "ОТЧЕТ ПО ИССЛЕДОВАНИЯМ ЦЕНТРА ФУНДАМЕНТАЛЬНЫХ И ПРИКЛАДНЫХ ИССЛЕДОВАНИЙ ФГУП <<ВНИИА>> в 2016 г. этап 6 <<Радиационная и ядерная физика>>, подэтап 6.2 <<Развитие программного комплекса ТРТ>>: Создание эксклюзивных алгоритмов для моделирования энергетически-углового распределения вторичных ядерных фрагментов при взаимодействии протонов и дейтронов с ядрами.",
  year = 2016,
  number = "70/426-T",
  institution = "ВНИИА"
}

@techreport{70/501-T,
  language = "russian",
  author = "С. Е. Куратов and M. В. Косов and Д. И. Савин",
  title = "ОТЧЕТ ПО ИССЛЕДОВАНИЯМ ЦЕНТРА ФУНДАМЕНТАЛЬНЫХ И ПРИКЛАДНЫХ ИССЛЕДОВАНИЙ ФГУП <<ВНИИА>> в 2017 г. тема <<Cочетание>> <<Совершенствование физических моделей взаимодействия излучений с веществом: Уточнение модели ядерных реакций Be(n,2n) и Be($\alpha$,n).",
  year = 2017,
  number = "70/501-T",
  institution = "ВНИИА"
}

@techreport{70/778-T,
  language = "russian",
  author = "С. Е. Куратов and М. В. Косов and Д. И. Савин and А. А. Галюзов",
  title = "ОТЧЕТ ПО ИССЛЕДОВАНИЯМ ЦЕНТРА ФУНДАМЕНТАЛЬНЫХ И ПРИКЛАДНЫХ ИССЛЕДОВАНИЙ ФГУП <<ВНИИА>> в 2019 г. тема <<Cочетание>> <<Совершенствование физических моделей взаимодействия излучений с веществом: создание модели разрушительного ионного каскада в конструкционных материалах, индуцированного потоком нейтронов деления>>.",
  year = 2019,
  number = "70/778-T дсп",
  institution = "ВНИИА"
}

@article{KA-M,
  author = "C. Kalbach and F. M. Mann",
  title = "Phenomenology of continuous angular distributions. I. Systematics and parametrization",
  journal = "Phys. Rev. C",
  volume = 23,
  pages = "112",
  year = 1981
}

@article{KA88,
  author = "C. Kalbach",
  title = "Systematics of Continuum Angular Distributions: Extensions to Higher Energies",
  journal = "Phys. Rev. C",
  volume = 37,
  pages = 2350,
  year = 1988
}

@article{Kondo,
  author = "K. Kondo and I. Murata and K. Ochiai and N. Kubota and H. Miyamaru and Ch. Konno and T. Nishitani",
  title = "Measurement and Analysis of Neutron-Induced Alpha Particle Emission Double-Differential Cross Section of Carbon at 14.2 MeV.",
  journal = "Jour. of Nuclear Science and Technology",
  volume = 45,
  pages = 103,
  year = 2008
}

@article{Colli,
  author = "L. Colli and I. Iori and S. Micheletti and M. Pignanelli",
  title = "Evaporation mechanism and direct effect in (n,p) reactions in medium weight nuclei.",
  journal = "Nuovo Cimento",
  volume = 21,
  pages = 966,
  year = 1961
}

@article{Kambara78,
  author = "T. Kambara and M. Takai and M. Nakamura and S.Kobayashi",
  title = "Deuteron break-up reaction on $^4He$",
  journal = "J. Phys. Soc. Japan",
  volume = 44,
  pages = 704,
  year = 1978
}

@article{Serov61,
  author = "V. I. Serov and V. A. Pereshivkin and M. F. Andreev and I. K. Averjanov",
  title = "Investigation of the reaction $^9Be(d,t)^8Be$",
  journal = "Atomnaya Energiya",
  volume = 11,
  pages = 440,
  year = 1961
}

@article{Abramovich93,
  author = "S. N. Abramovich and L. N. Generalov and B. Ya. Guzhovskiy and L. N. Kryazhimskaya and E. G. Orlikova and V. N. Popov",
  title = "A measurement of excitation function $^9Be(d,t)$ reaction",
  journal = "Int. Conf. Nucl. Spectrosc. Nucl. Struct.",
  volume = 43,
  pages = 248,
  year = 1993
}

@article{Smither57,
  author = "R. K. Smither",
  title = "Angular distribution of protons and tritons from the reactions $^9Be(d,p)^{10}Be$ and $^9Be(d,t)^8Be$ at low bombarding energies",
  journal = "Phys. Rev.",
  volume = 107,
  pages = 196,
  year = 1957
}

@article{Fried2015,
  author = "E. Friedland and T. T. Hlatshwayo and N. G. van der Berg and M. C. Mabena",
  title = "Influence of radiation damage on Krypton diffusion in silicon carbide",
  journal = "Nucl. Instr. Meth. B",
  volume = 354,
  pages = 42,
  year = 2015
}

@article{Zwieglinski75,
  author = "A. Saganek and I. Sledzinska and Z. Wilhelmi",
  title = "Direct and resonance processes in $^9Be(d,p0,1)^{10}Be$ and $^9Be(d,t0)^8Be$ at low energies",
  journal = "Nucl. Phys. A",
  volume = 250,
  pages = 93,
  year = 1975
}

@article{Guskov11,
  language = "russian",
  author = "С. Ю. Гуськов and И. Д. Ильин and В. Е. Шерман",
  title = "Влияние инертных примесей на горение мишеней инерциального синтеза",
  journal = "Физика Плазмы",
  volume = 37,
  pages = 1096,
  year = 2011
}

@article{Guskov13,
  language = "russian",
  author = "С. Ю. Гуськов and Н. В. Змитренко and В. Е. Шерман",
  title = "Сжатие и горение некриогенных мишеней инерциального синтеза с твёрдым термоядерным топливом",
  journal = "ЖЭТФ",
  volume = 143,
  pages = 770,
  year = 2013
}

@article{NSiDet,
  language = "russian",
  author = "Н. И. Замятин and А. Е. Черемухин and А. И. Шафроновская",
  title = "Способ измерения флюенса быстрых нейтронов с помощью планарных кремниевых детекторов",
  journal = "Письма в ЭЧАЯ",
  volume = 14,
  pages = 529,
  year = 2017
}

@article{OBEM,
  author = "S. Huber and J. Aichelin",
  title = "Production of $\Delta$- and $N^*$-resonances in the one-boson exchange model",
  journal = "Nucl. Phys. A",
  volume = 573,
  pages = 587,
  year = 1994
}

@article{Birks1,
  author = "J. B.Birks and F. A. Black",
  title = "Scintillations from Organic Crystals: Specific Fluorescence and Relative Response to Different Radiation.",
  journal = "Proc. of the Phys. Soc. London, A Math. Phys. Eng. Sci.",
  volume = 64,
  pages = 874,
  year = 1951
}

@article{Birks2,
  author = "J. B. Birks and D. J. Dyson",
  title = "The relations between the Fluorescence and Absorption Properties of Organic Molecules.",
  journal = "Proc. of the Phys. Soc. London, A Math. Phys. Eng. Sci.",
  volume = 275,
  pages = 135,
  year = 1963
}

@article{Birks3,
  author = "J. B. Birks and D. W. Fry and L. Costrell and K. Kandiah",
  title = "Theory and Practice of Scintillation Counting.",
  journal = "Pergamon Press, International series of Monographs on Electronics and Instrumentation.",
  volume = 27,
  pages = 662,
  year = 1964
}

@article{nBe9-n,
  author = "X. Ruan and G. Chen and Z. Zhou and H. Tang and X. Li and J. Jiang and H. Huang and Q. Zhong and B. Qi and J. Bao and L. Chen and J. Zhang",
  title = "The Secondary Neutron Emission Double-Differential Cross Section Measurement for Be and 6,7Li at 8.17 and 10.27 MeV.",
  journal = "High Energy Phys. and Nucl. Phys., Chinese ed.",
  volume = 31,
  pages = 442,
  year = 2007
}

@article{Cnn3a-a,
  author = "H. J. Brede and G. Dietze and H. Klein and H. Schoelermann",
  title = "Determination of neutron-induced alpha-particle cross sections on carbon using the response of a liquid scintillation detector.",
  journal = "Nuclear Science and Engineering.",
  volume = 107,
  pages = 22,
  year = 1991
}

@article{Cnnp-p,
  author = "C. Badoni and L. Colli and U. Facchini",
  title = "Measurement of the Energy Spectrum of Protons From (n,p) Reactions on different natural elements.",
  journal = "Nuovo Cimento",
  volume = 4,
  pages = 1618,
  year = 1956
}

@article{CnaX,
  author = "A. Huck and G. Walter and A. Coche",
  title = "Reactions induced in carbon by fast neutrons.",
  journal = "Journal de Physique - Colloque",
  volume = 27,
  pages = C1-88,
  year = 1966
}

@article{CnnXTakashi,
  author = "A. Takahashi and E. Ichimura and Y. Sasaki and H. Sugimoto",
  title = "Measurement of double differential neutron emission cross sections for incident neutrons of 14 MeV.",
  journal = "Osaka Univ., OKTAVIAN Reports, 03",
  volume = 87,
  pages = 1,
  year = 1987
}

@article{Cnn14p85Takashi,
  author = "A. Takahashi and J. Yamamoto and T. Murakami and K. Oshima and H. Oda and K. Fujimoto and M. Ueda and M. Fukazawa and Y. Yanagi and J. Miyaguchi and K. Sumita",
  title = "Double differential neutron emission cross sections with 14 MeV neutron source. Numerical tables and tables",
  journal = "Jour. of Nuclear Science and Technology, volume 21, page 577, 1984",
  volume = 21,
  pages = 577,
  year = 1984
}

@article{Cnn20-150Baba,
  author = "M. Baba and M. Ishikawa and N. Yabuta and T. Kikuchi and H. Wakabayashi and N. Hirakawa",
  title = "Double differential neutron emission cross sections of Cu, Ti, Zr and C.",
  journal = "Tohoku Univ., Dept. of Nucl. Engineering Reports",
  volume = 49,
  pages = 1,
  year = 1987
}

@article{CannX,
  author = "A. Takahashi and Y. Sasaki and F. Maekawa and H. Sugimoto",
  title = "Measurement of double, single differential and integral neutron emission cross sections at 14.1 MeV for Ca-nat, Mn-55, Co-59 and W-nat.",
  journal = "Osaka Univ., OKTAVIAN Reports, 01",
  volume = 92,
  pages = 1,
  year = 1992
}

@article{ElCSingletary,
  author = "J. B. Singletary and D. E. Wood",
  title = "Scattering of 14-MeV neutrons by carbon.",
  journal = "Physical Review, volume 114, page 1595, 1959",
  volume = 114,
  pages = 1595,
  year = 1959
}

@article{ElCDave,
  author = "J. H. Dave and C. R. Gould",
  title = "Optical model analysis of scattering of 7- to 15-MeV neutrons from 1-p shell nuclei.",
  journal = "Physical Review C, Nuclear Physics",
  volume = 28,
  pages = 2212,
  year = 1983
}

@article{ElCBoreli,
  author = "F. Boreli and B. B. Kinsey and P. N. Shrivastava",
  title = "Neutron Cross-Section Measurements of 12C between 14 and 25 MeV.",
  journal = "Physical Review",
  volume = 174,
  pages = 1147,
  year = 1968
}

@article{ElCYoshimura,
  author = "A. Yoshimura and M. Sonoda and A. Katase and Y. Wakuta and M. Seki and T. Akiyoshi and I. Fujita and H. Hyakutake",
  title = "Time-of-flight spectrometer for fast neutrons.",
  journal = "Japanese report to EANDC",
  volume = 1,
  pages = 24,
  year = 1965
}

@article{ElCBonazzola,
  author = "G. C. Bonazzola and T. Bressani and E. Chiavassa and L. Naldi and G. Venturello",
  title = "Backward scattering of 14.1 MeV neutrons from C-12.",
  journal = "Lettere al Nuovo Cimento, volume 3, page 99, 1972",
  volume = 3,
  pages = 99,
  year = 1972
}

@article{ElCHata,
  author = "K. Hata and S. Shirato and Y. Ando",
  title = "Measurements of the neutron emission cross sections of C-nat AND Fe-nat for 14.1 MeV incident neutrons.",
  journal = "Japanese report to NEANDC",
  volume = 155,
  pages = 95,
  year = 1990
}

@article{ElCGrin,
  author = "G. A. Grin and B. Vaucher and J. C. Alder and C. Joseph",
  title = "C-12(N,N), (N,N') and (N,N')3alpha reactions at 14 MeV.",
  journal = "Helvetica Physica Acta, volume 42, page 990, 1969",
  volume = 42,
  pages = 990,
  year = 1969
}

@article{ElCMezzetti,
  author = "E. Mezzetti and B. Minetti and A. Pasquarelli",
  title = "Backward scattering of 14.2 MeV neutrons from Carbon and Sulfur.",
  journal = "Lettere al Nuovo Cimento",
  volume = 22,
  pages = 3,
  year = 1991
}

@article{ElCTesch,
  author = "K. Tesch",
  title = "The scattering of 14 MeV neutrons on Boron, Carbon and Sulfur.",
  journal = "Nuclear Physics",
  volume = 37,
  pages = 412,
  year = 1962
}

@article{ElCTakahashi,
  author = "A. Takahashi and E. Ichimura and Y. Sasaki and H. Sugimoto",
  title = "Measurement of double differential neutron emission cross sections for incident neutrons of 14 MeV.",
  journal = "Osaka Univ., OKTAVIAN Reports, number 87-03, 1987",
  volume = 3,
  pages = 1,
  year = 1987
}

@article{ElCBabaCM,
  author = "M. Baba and M. Ishikawa and N. Yabuta and T. Kikuchi and H. Wakabayashi and N. Hirakawa",
  title = "Double differential neutron emission cross sections of Cu,Ti,Zr and C.",
  journal = "Tohoku Univ., Dept.of Nucl.Engineering Reports",
  volume = 49,
  pages = 1,
  year = 1987
}

@article{ElCBabaLS,
  author = "Baba and S. Matsuyama and M. Ishikawa and S. Chiba and T. Sakase and N. Hirakawa",
  title = "Correction of double-differential neutron emission data for sample-dependent effects.",
  journal = "Nucl. Instrum. Methods in Physics Res. A",
  volume = 366,
  pages = 354,
  year = 1995
}

@article{ElCShirato,
  author = "S. Shirato and K. Hata and Y. Ando",
  title = "Differential cross sections for elastic and inelastic neutron scattering from 12-C at 14.1 MeV.",
  journal = "JAERI-M Reports",
  volume = 27,
  pages = 320,
  year = 1992
}

@article{ElCaDonald,
  author = "W. J. Mc Donald and J. M. Robson",
  title = "The scattering of 14.1 MeV neutrons by Ca40.",
  journal = "Nuclear Physics",
  volume = 59,
  pages = 321,
  year = 1964
}

@article{ElCaHonore,
  author = "G. M. Honore and W. Tornow and C. R. Howell and R. S. Pedroni and R. C. Byrd and R. L. Walter and J. P. Delaroche",
  title = "Coupled-channel analysis of nucleon scattering from 40Ca up to 80 MeV.",
  journal = "Physical Review C, Nuclear Physics",
  volume = 33,
  pages = 1129,
  year = 1986
}

@article{ElAlCoon,
  author = "J. H. Coon and R. W. Davis and H. E. Felthauser and D. B. Nicodemus",
  title = "Scattering of 14.5-MeV neutrons by complex nuclei.",
  journal = "Physical Review",
  volume = 111,
  pages = 250,
  year = 1958
}

@article{ElAlPierre,
  author = "C. St. Pierre and M. K. Machwe and P. Lorrain",
  title = "Elastic scattering of 14-MeV neutrons by Al, S, Ti and Co.",
  journal = "Physical Review, volume 115, page 999, 1959",
  volume = 115,
  pages = 999,
  year = 1959
}

@article{ElAlStelson,
  author = "P. H. Stelson and R. L. Robinson and H. J. Kim and J. Rapaport and G. R. Satchler",
  title = "Excitation of Collective States by the Inelastic Scattering of 14 MeV Neutrons.",
  journal = "Nuclear Physics",
  volume = 68,
  pages = 97,
  year = 1965
}

@article{ElAlKammerdiener,
  author = "J. L. Kammerdiener",
  title = "Neutron Spectra Emitted by 239Pu, 238U, 235U, Pb, Nb, Ni, Al and C Irradiated by 14 MeV Neutrons.",
  journal = "U.C., Lawrence Rad. Lab. (Berkeley and Livermore) Ph.D.thesis",
  volume = 51232,
  pages = 1,
  year = 1972
}
@article{Calibr,
  language = "russian",
  author = "Е. С. Гришняев",
  title = "Генератор быстрых нейтронов для калибровки детекторов слабовзаимодействующих частиц.",
  journal = "Новосибирск, диссертация на соискание степени к. ф.-м. н.",
  year = 2016
}

@article{ElAlBonazzola,
  author = "G. C. Bonazzola and E. Chiavassa and T. Bressani",
  title = "Excited core model in Al-27 and inelastic scattering of 14.2 MeV neutrons.",
  journal = "Physical Review B",
  volume = 140,
  pages = 835,
  year = 1965
}

@article{ElAlDeconninck,
  author = "G. Deconninck and A. Martegani and J. P. Meulders and J. Stoquart",
  title = "Elastic scattering of 14 MeV neutrons at small angles",
  journal = "Annales de la Societe Scientifique de Bruxelles",
  volume = 74,
  pages = 136,
  year = 1960
}

@article{Griffiths62,
  author = "G. M. Griffiths and E. A. Larson and L. P. Robertson",
  title = "The capture of protons by deuterons ",
  journal = "Canadian J. Phys.",
  volume = 40,
  pages = 402,
  year = 1962
}

@article{Luna02,
  author = "Luna Collaboration and C. Casella and et al.",
  title = "First measurement of the $D(P,\gamma)^3He$ cross section down to the solar Gamow peak",
  journal = "Nucl. Phys. A",
  volume = 706,
  pages = 203,
  year = 2002
}

@article{Griffiths63,
  author = "G. M. Griffiths and M. Lal and C. D. Scarfe",
  title = "The reaction $D(p,\gamma)^3He$ below 50 keV",
  journal = "Canadian J. Phys.",
  volume = 41,
  pages = 724,
  year = 1963
}

@article{Schmid97,
  author = "G. J. Schmid and B. J. Rice and R. M. Chasteler and M. A. Godwin and G. C. Kiang and L. L. Kiang and C. M. Laymon and R. M. Prior and D. R. Tilley and H. R. Weller",
  title = "The $^2H(p(pol),\gamma(pol))^3He$ reactions below 80 keV",
  journal = "Phys. Rev. C",
  volume = 55,
  pages = 2700,
  year = 1997
}

@article{Schmid97a,
  author = "G. J. Schmid and B. J. Rice and R. M. Chasteler and M. A. Godwin and G. C. Kiang and L. L. Kiang and C. M. Laymon and R. M. Prior and D. R. Tilley and H. R. Weller",
  title = "The $^2H(p(pol),\gamma(pol))^3He$ reactions below 80 keV",
  journal = "Phys. Rev. C",
  volume = 56,
  pages = 2565,
  year = 1997
}

@article{Bystritsky08,
  author = "V. M. Bystritsky and V. V. Gerasimov and A. R. Krylov and S. S. Parzhitski and G. N. Dudkin and V. L. Kaminskii and B. A. Nechaev and V. M. Padalko and A. V. Petrov and G. A. Mesyats and M. Filipovicz and J. Wozniak",
  title = "Study of the pd reaction in the astrophysical energy region using the Hall accelerator",
  journal = "Nucl. Instrum. Meth.",
  volume = 595,
  pages = 543,
  year = 2008
}

@article{Karwowski97,
  author = " L. Ma. H. Karwowski and C. R. Brune and Z. Ager and T. C. Black and J. C. Blackmon and E. J. Ludwig and M. Vivian and A. Klevsky and R. Schiavilla",
  title = "Measurement of $^1H(d,\gamma)^3He$ and $^2H(p,\gamma)^3He$ at low energies",
  journal = "Phys. Rev. C",
  volume = 55,
  pages = 588,
  year = 1997
}

@article{Doubovichenko09,
  author = "S. B. Dubovichenko and A. V. Dzhazairov-Kakhramanov",
  title = "Astrophysical S-factor of the radiative $p^2H$ capture",
  journal = "Euro. Phys. J. A",
  volume = 39,
  pages = 139,
  year = 2009
}

@article{Perry55,
  author = "J. E. Perry and S. J. Bame,Jr.",
  title = " $T(p,\gamma)^4He$ Reaction",
  journal = "Phys. Rev.",
  volume = 99,
  pages = 1368,
  year = 1955
}

@article{Hahn95,
  author = "K. I. Hahn and C. R. Brune and R. W. Kavahagh",
  title = "$^3H(p,\gamma)^4He$ cross section",
  journal = "Phys. Rev. C",
  volume = 51,
  pages = 1624,
  year = 1995
}

@article{Canon02,
  author = "R. S. Canon and S. O. Nelson and K. Sabourov and E. Wulf and H. R. Weller and R. M. Prior and M. Spraker and J.H.Kelley and D.R.Tilley",
  title = "$^3H(p,\gamma)^4He$ reaction below $E_p$=80 keV",
  journal = "Phys. Rev. C",
  volume = 65,
  pages = 044008,
  year = 2002
}

@article{Doubovichenko08,
  author = "S. B. Dubovichenko and A. V. Dzhazairov-Kakhramanov",
  title = "Astrophysical S-factor of the $p^2H$ and $p^3H$ radiative capture at low energies",
  journal = "Uz. J. Phys.",
  volume = 10,
  pages = 364,
  year = 2008
}

@article{Sobotka13,
  author = "L. G. Sobotka and W. W. Buhro and R. J. Charity and J. M. Elson and M. F. Jager and J. Manfredi and M. H. Mahzoon and A. M. Mukhamedzhanov and V. Eremenko and M. McCleskey and R. G. Pizzone and B. T. Roeder and A. Spiridon and E. Simmons and L. Trache and M. Kurokawa and P. Navratil",
  title = "Proton decay of excited states in $^{12}N$ and $^{13}O$ and the astrophysical $^{11}C(p,\gamma)^{12}N$ reaction rate",
  journal = "Phys. Rev. C",
  volume = 87,
  pages = 054329,
  year = 2013
}

@article{Bailey50,
  author = "C. L. Bailey and W. R. Sratton",
  title = "Cross section of the $^{12}C(p,\gamma)^{13}N$ at low energies",
  journal = " Phys. Rev.",
  volume = 77,
  pages = 194,
  year = 1950
}

@article{Hall50,
  author = "R. N. Hall and W. A. Fowler",
  title = "The cross section for the radiative capture of protons by $^{12}C$ near 100 keV",
  journal = "Phys. Rev.",
  volume = 77,
  pages = 197,
  year = 1950
}

@article{Lamb57,
  author = "W. A. S. Lamb and R. E. Hester",
  title = "Radiative Capture of Protons in Carbon from 80 to 126 keV",
  journal = "Phys. Rev.",
  volume = 107,
  pages = 550,
  year = 1957
}

@article{Burtebaev08,
  author = "N. Burtebaev and S. B. Igamov and R. J. Peterson and R. Yarmukhamedov and D. M. Zazulin",
  title = "New measurement of the astrophysical S factor for $^{12}C(p,\gamma)^{13}N$ reaction at low energies",
  journal = "Phys. Rev. C",
  volume = 78,
  pages = 035802,
  year = 2008
}

@article{King94,
  author = "J. D. King and R. E. Azuma and J. B. Vise and J. Gorres and C. Rolfs and H. P. Trautvetter and A. E. Vlieks",
  title = "Cross section and astrophysical S-factor for the $^{13}C(p,\gamma)^{14}N$ reaction",
  journal = "Nucl. Phys. A",
  volume = 567,
  pages = 354,
  year = 1994
}

@article{Genard10,
  author = "G. Genard and P. Descouvemont and G. Terwagne",
  title = "S-factor measurement of the $^{13}C(p,\gamma)^{14}N$ reaction in reverse kinematics",
  journal = "J. Phys. Conf. Ser.",
  volume = 202,
  pages = 012015,
  year = 2010
}

@article{Gorres90,
  author = "J. Gorres and S. Graff and M. Wiescher and R. E. Azuma and C. A. Barnes and H. W. Becker and T. R. Wang",
  title = "Proton capture on $^{14}C$ and its astrophysical implications",
  journal = "Nucl. Phys. A",
  volume = 517,
  pages = 329,
  year = 1990
}

@article{Weller86,
  author = "H. R. Weller and P. Colby and J. Langenbrunner and Z. D. Huang and D. R. Tilley and F. D. Santos and A. Arriaga and A. M. Eiro",
  title = "$^4He$ D-state effects in the $^2H(d,\gamma)^4He$ reaction at low energies",
  journal = "Phys. Rev. C",
  volume = 34,
  pages = 32,
  year = 1986
}

@article{Barnes87,
  author = "C. A. Barnes and K. H. Chang and T. R. Donoghue and C. Rolfs and J. Kammeraad",
  title = "The $^2H(d,\gamma)^4He$ reaction at low energy and the d-state admixture in $^4He$",
  journal = "Phys. Let. B",
  volume = 197,
  pages = 315,
  year = 1987
}

@article{Wilkinson85,
  author = " F. J. Wilkinson Iii and F. E. Cecil",
  title = "$^2H(d,\gamma)^4He$ reaction at low energies",
  journal = "Phys. Rev. C",
  volume = 31,
  pages = 2036,
  year = 1985
}

@article{DelBianco69,
  author = "W. Del Bianco and J. M. Poutissou",
  title = "Deuteron Capture by Deuterons",
  journal = "Phys. Let. B",
  volume = 29,
  pages = 299,
  year = 1969
}

@article{Meyerhof68,
  author = "W. E. Meyerhof and W. Feldman and S. Gilbert",
  title = "Deuteron Capture by Deuterons",
  journal = "Bull. Am. Phys. Soc.",
  volume = 13,
  pages = 564,
  year = 1968
}

@article{Zurmuhle63,
  author = "R. W. Zurmuhle and W. E. STEPHENS and H. H. STAUB",
  title = "Gamma rays from neutron capture in helium-3 and deuteron capture in deuterium",
  journal = "Phys. Rev.",
  volume = 132,
  pages = 751,
  year = 1963
}

@article{Jing09,
  author = "Zhou Jing and Fu Yuanyong and Zhou Shuhua and Xia Haihong and Li Chengbo and Meng Qiuying",
  title = "Measurement of the astrophysical S factor for the low energy $^2H(d,\gamma)^4He$ reaction",
  journal = "China Phys. C",
  volume = 33,
  pages = 350,
  year = 2009
}

@article{Langenbrunner90PRC,
  author = "J. L. Langenbrunner and H. R. Weller and D. R. Tilley",
  title = "Two-deuteron radiative capture: polarization observables at E(d)<15 MeV",
  journal = "Phys. Rev. C",
  volume = 42,
  pages = 1214,
  year = 1990
}

@article{Langenbrunner90NP,
  author = "J. L. Langenbrunner and H. R. Weller and D. R. Tilley",
  title = "Two-deuteron radiative capture: polarization observables at E(d)<15 MeV",
  journal = "Nucl. Phys. A",
  volume = 508,
  pages = 273,
  year = 1990
}

@article{Weller73,
  author = "H. R. Weller and R. A. Blue",
  title = "The $^{13}C(d, \gamma 0)^{15}N$ and the $^{11}B(d,\gamma 0)^{13}C$ cross sections in the region of the giant dipole resonance",
  journal = "Nucl.Phys.A",
  volume = 211,
  pages = 221,
  year = 1973
}

@article{Nelson64,
  author = "J. B. Nelson and E. L. Hudspeth and E. M. Bernstein",
  title = "Deutron Capture in C14",
  journal = "Phys. Rev.",
  volume = 136,
  pages = B71,
  year = 1964
}

@article{PhotoA,
  author = "M. V. Kossov",
  title = "Approximation of photonuclear interaction cross-sections",
  journal = "Eur. Phys. J. A",
  volume = 14,
  pages = 377,
  year = 2002
}

@article{Brendel78,
  author = "G. J. Brendel and E. M. Marlett and L. M. Niebylski",
  title = "Cristalline beryllium hydride",
  journal = "Inorg. Chem.",
  volume = 17,
  pages = 3589,
  year = 1978
}

@article{Smith88,
  author = "S. Smith and Q. C. Johnson and D. K. Smith and D. E. Cox and R. L. Snyder, R.-S. Zhou, A. Zalkin",
  title = "The crystal and molecular structure of beryllium hydrade",
  journal = "Solid State Com.",
  volume = 67,
  pages = 491,
  year = 1988
}

@article{Sawyer55,
  author = "G. Sawyer and L.Burkhardt",
  title = "Search for the Reaction $T(d,\gamma)^5He$",
  journal = "Phys. Rev.",
  volume = 98,
  pages = 1305,
  year = 1955
}

@article{Coon59,
  author = "J.Coon and R.Davis",
  title = "Measurement of the $T(d,\gamma)^5He$ Reaction",
  journal = "Bull. Amer. Phys. Soc.",
  volume = 4,
  pages = 365,
  year = 1959
}

@article{Bozotosny70,
  author = "V. M. Bezotosny and V. A. Zhmailo and L. M. Surov and M. C. Shvetsov",
  title = "Cross section of the $T(d,\gamma)^5He$ reaction with emission of 16.7 MeV gamma-quanta at 25-100 keV deuteron energy",
  journal = "Sov. J. Nucl. Phys.",
  volume = 10,
  pages = 127,
  year = 1970
}

@article{Buss63,
  author = "W. Buss and H. Waffler and B.Ziegler",
  title = "Radiative capture of deuterons by H3",
  journal = "Phys. Lett.",
  volume = 4,
  pages = 198,
  year = 1963
}

@article{Kosiara70,
  author = "A. Kosiara and H. B. Willard",
  title = "Gamma Ray-Neutron Branching Ratio in the Triton-Deuteron Reaction",
  journal = "Phys. Lett. B",
  volume = 32,
  pages = 99,
  year = 1970
}

@article{Kammeraad93,
  author = "J. E. Kammeraad and J. Hall and K. E. Sale and C. A. Barnes and S. E. Kellogg and T. R. Wang",
  title = "Measurement of the cross-section ratio $^3H(d,\gamma)^5He/^3H(d,\alpha)n$ at 100 keV",
  journal = "Phys. Rev. C",
  volume = 47,
  pages = 29,
  year = 1993
}

@article{Cecill84,
  author = "F. E. Cecil and F. J. Wilkinson",
  title = "Measurement of the Ground-State Gamma-Ray Branching Ratio of the dt Reaction at Low Energies",
  journal = "Phys. Rev. Lett.",
  volume = 53,
  pages = 767,
  year = 1984
}

@article{Morgan86,
  author = "G. L. Morgan and P. W. Lisowski and S. A. Wender and R. E. Brown and N. Jermie and J. F. Wilkerson and D. M. Drake",
  title = "Measurement of the branching ratio $^3H(d,\gamma)/^3H(d,n)$ using thick tritium gas targets",
  journal = "Phys. Rev. C",
  volume = 33,
  pages = 1224,
  year = 1986
}

@article{Ziegler66,
  author = "B. Ziegler and W. Buss and H. Waeffler",
  title = "The reaction $^9Be(d,\gamma)^{11}B$",
  journal = "Nucl. Phys.",
  volume = 83,
  pages = 145,
  year = 1966
}

@article{ElAlGonggui,
  author = "Ma Gonggui and Zou Yiming and Xie Daquan and Wang Shiming and Li Jingde and Chen Shuying",
  title = "Fast neutron small angle elastic scattering researches.",
  journal = "Chinese J. of Nuclear Physics (Beijing)",
  volume = 11,
  pages = 19,
  year = 1989
}

@techreport{Peierls42,
  title = "Energy distribution of fission neutrons",
  author = "R. Prierls",
  institution = "DTA Report",
  year = 1942,
  number = "MS-65",
}

@techreport{Bloch43,
  author = "F. Bloch and H. Stub",
  institution = "US Atomic Energy Commission",
  year = 1943,
  number = "Document AECD-3158",
}

@techreport{ENDF6,
  title = "ENDF-6 Formats Manual",
  author = "M. Herman and A. Trkov",
  institution = "Brookhaven National Laboratory",
  adress = "Upton, NY 11973-5000",
  year = 2009,
  month = "June",
  number = "BNL-90365-2009",
  note = "\url{http://www.nndc.bnl.gov/csewg/docs/endf-manual-v7.pdf}"
}

@article{RIPL,
  author = "R. Capote and M. Herman and P. Oblozinsky and P.G. Young and S. Goriely and T. Belgya and A. V. Ignatyuk and others",
  title = "RIPL – Reference Input Parameter Library for Calculation of Nuclear Reactions and Nuclear Data Evaluations",
  journal = Nucl. Data Sheets,
  volume = 110,
  pages = "3107–3214",
  year = 2009
}

@article{Capote16,
  author = "R. Capote and others",
  title = "Prompt Fission Neutron Spectra of Actinides",
  journal = Nucl. Data Sheets,
  volume = 131,
  pages = "1–106",
  year = 2016
}

@Manual{TALYS,
 title = {TALYS-1.0 A nuclear reaction program},
 author = {A. J. Koning and S. Hilaire and M. Duijvestijn},
 organization = {Nuclear Research and Consultancy Group},
 month = {December},
 year = {2007}
}

@Manual{MCNPX,
 title = {MCNPX$^{TM}$ USERS'S MANUAL},
 author = {Laurie S. Waters},
 edition = {2.3.0},
 month = {April},
 year = {2002}
}

@article{Watt52,
  author = "B.E. Watt",
  journal = "Energy Spectrum of Neutrons from Thermal Fission of $^{235}U$",
  volume = 87,
  pages = "1037",
  year = 1952
}

@article{Weiss37,
  author = "V.F. Weisskopf",
  journal = "Statistics and Nuclear Reactions",
  volume = 52,
  pages = "295",
  year = 1937
}

@article{Ecuger79,
  author = "J. L'Ecuger and J. A. Davies and N. Matsunami",
  journal = "Nuclear Instruments and Methods",
  volume = 160,
  pages = "337",
  year = 1979
}

@article{124SnNRF,
  author = "K. Govart and F. Bauwens and J. Bryssinck and D. De Frenne and E. Jacobs and W. Mondelaers and L. Govor and V. Yu. Ponomarev",
  title = "Dipole excitations to bound states in $^{116}Sn$ and $^{124}Sn$.",
  journal = "Physical Review, Part C, Nuclear Physics",
  volume = 57,
  pages = "2229",
  year = 1998,
  month = "May"
}

@article{112SnNRF,
  author = "I. Pystmenetska and S. Walter and J.Enders and H. von Garrel and O. Karg and U. Kneissl and C. Kohstall and P. von Neumann-Cosel and H. H. Pitz and V. Yu. Ponomarev and M. Scheck and F. Stedile and S. Volz",
  title = "Two-phonon $1^{-}$ state in $^{112}Sn$ observed in resonant photon scattering.",
  journal = "Physical Review, Part C, Nuclear Physics",
  volume = 73,
  issue = 1,
  year = 2006,
  month = "January"
}

@article{EMPIRE,
 author = {M. Herman and R. Capote and B. V. Carlson and P. Oblozinsky and M. Sin and A. Trkov and H. Wienke and V. Zerkin},
 title = {EMPIRE: Nuclear Reaction Model Code System for Data Evaluation},
 journal = {Nuclear Data Sheets},
 year = {2007},
 volume = {108},
 number = {12},
 pages = {2655-2715},
 month = {December},
 doi = {10.1016/j.nds.2007.11.003},
 isbn = {2007NDS...108.2655}
}

@article{128bit,
 author = {M. Suzuoki},
 title = {A microprocessor with a 128-bit CPU, ten floating-point MAC's, four floating-point dividers, and an MPEG-2 decoder},
 journal = {IEEE Journal of Solid-State Circuts},
 year = {1999},
 volume = {34},
 number = {6418539},
 pages = {1608-1618},
 doi = {10.1109/4.799870},
 issn = {0018-9200}
}

@InProceedings{GeantV,
 author = {G Armadio and J Apostolakis and M Bandieramonte and A Bhattacharyya and C Bianchini and R Brun and Ph Canal and F Carminati and L Duhem and D Elvira and J de Fine Licht and A Gheata and R L Iope and G Lima and A Mohanty and T Nikitina and M Novak and W Pokorski and R Seghal and O Shadura and S Vallecorsa and S Wenzel},
 title = {The GeantV project: preparing the future of simulation},
 booktitle = {21st International Conference on Computing in High Energy and Nuclear Physics (CHEP2015)},
 year = {2015},
 volume = {664},
 publisher = {IOP Publishing},
 doi = {10.1088/1742-6596/664/072006}
}

@Book{XeonPhiGuide,
 title = {Intel Xeon Phi Coprocessor Architecture and Tools: The Guide for Application Developers},
 publisher = {Apress Media},
 year = {2013},
 author = {Rezaur Rahman},
 isbn = {978-1-4302-5927-5}
}

@InProceedings{XeonPhiHEP,
 author = {A. Nowak and G. Bitzes and A. Dotti and A. Lazzaro and S. Jarp and P. Szostek and L. Valsan and M. Botezatu and J. Leduc},
 title = {Does the Intel Xeon Phi processor fit HEP workloads?},
 booktitle = {20th International Conference on Computing in High Energy and Nuclear Physics (CHEP2013)},
 year = {2013},
 volume = {513},
 series = {Journal of Physics: Conference Series},
 publisher = {IOP Publishing},
 doi = {10.1088/1742-6596/513/5/052024}
}

@InProceedings{HEPHPC,
 author = {J. Apostolakis and R. Brun and A. Gheata and S. Wenzel},
 title = {The path toward HEP High Performance Computing},
 booktitle = {20th International Conference on Computing in High Energy and Nuclear Physics (CHEP2013)},
 year = {2013},
 volume = {513},
 series = {Journal of Physics: Conference Series},
 publisher = {IOP Publishing},
 doi = {10.1088/1742-6596/513/5/052026}
}

@InProceedings{HEPLargeScale,
 author = {A. Dotti},
 title = {Modernizing large scale software for physica simulation: The experience with Geant4},
 booktitle = {Future Trends in Nuclear Physics Computing},
 year = {2015}
}

@article{TeorDEDX,
  author = "R. M. Sternheimer and R. F. Peierls",
  title = "General Expression for the Density Effect for the Ionization Loss of Charged Particles",
  journal = "Phys. Rev. B",
  volume = 3,
  pages = 3681,
  year = 1971
}

@article{pipmDEDX,
  author = "W. H. Barkas and W. Birnbaum and F. M. Smith",
  journal = "Phys. Rev.",
  volume = 101,
  pages = 778,
  year = 1956
}

@article{papDEDX,
  author = "M. Agnello and et. al.",
  journal = "Phys. Rev. Lett.",
  volume = 74,
  pages = 371,
  year = 1995
}

@article{DEDXICRU49,
  author = "M. J. Berger and M. Inokuti, H. H. Andersen, H. Bichsel, D. Powers, S. M. Seltzer, D. Thwaites, D. E. Watt",
  title = "Stopping Powers and Ranges for Protons and Alpha Particles, Report 49",
  journal = "J. Inter. Com. Rad. Un. Meas.",
  volume = os25,
  year = 1993
}

@article{Bichsel90,
  author = "H. Bichsel",
  title = "Barkas Effect and Effective Charge in the Theory of Stopping Power",
  journal = "Phys. Rev. A",
  volume = 41,
  pages = 3642,
  year = 1990
}

@article{LindhardBarkas76,
  author = "J. Lindhard",
  title = "The Barkas Effect -- or Z^3_1, Z^4_1 Corrections to Stopping of Swift Charged Particles",
  journal = "Nucl. Instr. Meth.",
  volume = 132,
  pages = 1,
  year = 1976
}

@article{Paul1,
  author = "H. Paul",
  title = "Some new results on stopping power for fast ions",
  journal = "AIP Conf. Proc.",
  volume = 1099,
  pages = 251,
  year = 2009
}

@article{Paul2,
  author = "H. Paul",
  title = "New results about stopping power for positive ions: experiment and theory",
  journal = "AIP Conf. Proc.",
  volume = 1525,
  pages = 295,
  year = 2013
}

@article{Paul3,
  author = "H. Paul",
  title = "Nuclear stopping power and its impact on the determination of electronic stopping power",
  journal = "AIP Conf. Proc.",
  volume = 1525,
  pages = 309,
  year = 2013
}

@article{SRIM,
title = "SRIM – The stopping and range of ions in matter (2010)",
journal = "Nuclear Instruments and Methods in Physics Research Section B: Beam Interactions with Materials and Atoms",
volume = "268",
number = "11",
pages = "1818 - 1823",
year = "2010",
note = "19th International Conference on Ion Beam Analysis",
issn = "0168-583X",
doi = "https://doi.org/10.1016/j.nimb.2010.02.091",
url = "http://www.sciencedirect.com/science/article/pii/S0168583X10001862",
author = "James F. Ziegler and M.D. Ziegler and J.P. Biersack",
keywords = "SRIM, Ion stopping, Stopping power, Stopping force, Ion range",
abstract = "SRIM is a software package concerning the Stopping and Range of Ions in Matter. Since its introduction in 1985, major upgrades are made about every six years. Currently, more than 700 scientific citations are made to SRIM every year. For SRIM-2010, the following major improvements have been made: (1) About 2800 new experimental stopping powers were added to the database, increasing it to over 28,000 stopping values. (2) Improved corrections were made for the stopping of ions in compounds. (3) New heavy ion stopping calculations have led to significant improvements on SRIM stopping accuracy. (4) A self-contained SRIM module has been included to allow SRIM stopping and range values to be controlled and read by other software applications. (5) Individual interatomic potentials have been included for all ion/atom collisions, and these potentials are now included in the SRIM package. A full catalog of stopping power plots can be downloaded at www.SRIM.org. Over 500 plots show the accuracy of the stopping and ranges produced by SRIM along with 27,000 experimental data points. References to the citations which reported the experimental data are included."
}

@inbook{G4IonIon,
author = { M.J.   Boschini  and  C.   Consolandi  and  M.   Gervasi  and  S.   Giani  and  D.   Grandi  and  V.   Ivanchenko  and  S.   Pensotti  and  P.G.   Rancoita  and  M.   Tacconi },
title = {Nuclear and Non-Ionizing Energy-Loss for Coulomb Scattered Particles from Low Energy up to Relativistic Regime in Space Radiation Environment},
booktitle = {Cosmic Rays for Particle and Astroparticle Physics},
chapter = {},
pages = {9-23},
doi = {10.1142/9789814329033_0002},
URL = {https://www.worldscientific.com/doi/abs/10.1142/9789814329033_0002},
eprint = {https://www.worldscientific.com/doi/pdf/10.1142/9789814329033_0002},
    abstract = { Abstract In the space environment, instruments onboard of spacecrafts can be affected by displacement damage due to radiation. The differential scattering cross section for screened nucleus–nucleus interactions - i.e., including the effects due to screened Coulomb nuclear fields -, nuclear stopping powers and non-ionization energy losses are treated from about 50 keV/nucleon up to relativistic energies. Note from Publisher: The PDF of this chapter has been updated and replaced with the recent amendments from page 17 to page 22. }
}

@article{LinhardScreeningLength,
  title = {Energy Dissipation by Ions in the kev Region},
  author = {Lindhard, J. and Scharff, M.},
  journal = {Phys. Rev.},
  volume = {124},
  issue = {1},
  pages = {128--130},
  numpages = {0},
  year = {1961},
  month = {Oct},
  publisher = {American Physical Society},
  doi = {10.1103/PhysRev.124.128},
  url = {https://link.aps.org/doi/10.1103/PhysRev.124.128}
}

@Book{ThomasFermiModel,
 title = {Interatomic Potentials},
 publisher = {Academic Press. New York},
 year = {1972},
 author = {I. M. Torrens}
}

@Book{LandauLifshitzMechanics,
 language={russian},
 title = {Механика.},
 publisher = {М.: Наука},
 year = {1988},
 author = {Л. Д. Ландау and Е. М. Лифшиц}
}

@Book{LandauLifshitzNonrelativisticQM,
 language={russian},
 title = {Квантовая механика. Нерелятивистская теория.},
 publisher = {М.: Наука},
 year = {1989},
 author = {Л. Д. Ландау and Е. М. Лифшиц}
}

%pp articles:
@article{PP1_Wassmer,
  author = "H. Wassmer and H. Muhry",
  journal = "Helvetica Physica Acta",
  volume = 46,
  pages = "626",
  year = 1973
}

@article{PP2_Worthigton,
  author = "H. R. Worthington and J. N. Mcgruer and D. E. Findley",
  journal = "Phys. Rev.",
  volume = 90,
  pages = "899",
  year = 1953
}

@article{PP3_Blair,
  author = "J. M. Blair and G. Freier and E. E. Lampi and W. Sleator Jr and J. H. Williams",
  journal = "Phys. Rev.",
  volume = 74,
  pages = "553",
  year = 1948
}

@article{PP4_Imai,
  author = "K. Imai and K. Nisimura and N. Tamura and H. Sato",
  journal = "Nucl. Phys. A",
  volume = 246,
  pages = "76",
  year = 1975
}

@article{DD_Oers,
  author = "W.T.H. van Oers and H. Arnold and K.W. Brockman Jr.",
  journal = "Nucl. Phys.",
  volume = 46,
  pages = "611-616",
  year = 1963
}

@article{PP5_Johnston,
  author = "L. H. Johnston and D. E. Joung",
  journal = "Phys. Rev.",
  volume = 116,
  pages = "989",
  year = 1959
}

@article{PP6_Kikuchi,
  author = "S. Kikuchi and J. Sanada and S. Suwa and I. Hayashi and K. Nisimura and K. Fukunaga",
  journal = "Journal of the Physical Society of Japan",
  volume = 15,
  pages = "9",
  year = 1960
}

@article{PP7_Berdoz,
  author = "A. Berdoz and F. Foroughi and C. Nussbaum",
  journal = "Jour. of Physics, Part G",
  volume = 12,
  pages = "L133",
  year = 1986
}

@article{PP8_Taylor,
  author = "A. E. Taylor and E. Wood and L. Bird",
  journal = "Nucl. Phys.",
  volume = 16,
  pages = "320",
  year = 1960
}

@article{PP9_Mahjour,
  author = "M. Mahjour-Shafiei and J. C. S. Bacelar and M. D. Cozma and M. J. Van Goethem and M. N. Harakeh and M. Hoefman and H. Huisman and N. Kalantar-Nayestanaki and H. Lohner and J. G. Messchendorp and R. W. Ostendorf and S. Schadmand and O. Scholten and M. Volkerts and H. W. Wilschut",
  journal = "Phys. Rev. C",
  volume = 70,
  pages = "024004",
  year = 2004
}

%dd articles:

@article{DD1_Blair,
  author = "J. M. Blair and G. Freier and E. Lampi and W. Sleator and J. H. Williams",
  journal = "Phys. Rev.",
  volume = 74,
  pages = "1594",
  year = 1948
}

@article{DD2_Wilson,
  author = "A. S. Wilson and M. C. Taylor and J. C. Legg and G. C. Phillips",
  journal = "Nucl. Phys. A",
  volume = 126,
  pages = "193",
  year = 1969
}

@article{DD3_Brolley,
  author = "J. E. Brolley and T. M. Putnam and L. Rosen and L. Stewart",
  journal = "Phys. Rev.",
  volume = 117,
  pages = "1307",
  year = 1960
}

@article{DD4_Burrows,
  author = "H. B. Burrows and W. M. Gibson and J. Rotblat",
  journal = "Proc. Royal Society London, A",
  volume = 209,
  pages = "489",
  year = 1951,
  issue=1099
}

@article{DD5_Nemec,
  author = "O. F. Nemec and V. V. Ostashko and V. N. Urin and A. M. Jasnogorodskij",
  journal = "Ukr. Fiz. Zh.",
  volume = 30,
  pages = "328",
  year = 1985
}

@article{DD6_Rosen1,
  author = "L. Rosen and F. K. Tallmadge and J. H. Williams",
  journal = "Phys. Rev.",
  volume = 76,
  pages = "1283",
  year = 1949
}

@article{DD7_Rosen2,
  author = "L. Rosen and J. C. Allred",
  journal = "Phys. Rev.",
  volume = 88,
  pages = "431",
  year = 1952
}

@article{DD8_Allred,
  author = "J. C. Allred and K. W. Erickson and J. L. Fowler and E. J. Stovall",
  journal = "Phys. Rev.",
  volume = 76,
  pages = "1430",
  year = 1949
}

@inproceedings{DD9_Jarmie,
author = {N. Jarmie and J. H. Jett},
title = {Accurate deuteron-deuteron elastic scattering cross sections},
booktitle = {Conf. on Few-Particle Problems, Los Angeles},
pages="659",
year = {1972}
}

@article{DD10_Okihana,
  author = "A. Okihana and N. Fujiwara and H. Nakamura-Yokota and T. Yanabu and K. Fukunaga and T. Ohsawa and S. Tanaka",
  journal = "Jour. of the Physical Society of Japan",
  volume = 46,
  pages = "707",
  year = 1979
}

@article{DD11_Itoh,
  author = "H. Itoh",
  journal = "Progress of Theoretical Physics",
  volume = 39,
  pages = "1361",
  year = 1968
}

@article{DD12_Beliuskina,
  author = "O. O. Beliuskina and V. I. Grantsev and K. K. Kisurin and S. E. Omelchuk and G. P. Palkin and Yu. S. Roznyuk and B. A. Rudenko and V. S. Semenov and L. I. Slusarenko and B. G. Struzhko",
  journal = "Vopr. Atomn. Nauki i Tekhn., Ser. Yad. Fiz. Issledo.",
  volume = 5,
  pages = "10",
  year = 2011,
  issue=56
}

@article{DD13_Alderliesten,
  author = "C. Alderliesten and A. Djaloeis and J. Bojowald and C. Mayer-Boericke and J. Paic and T. Sawada",
  journal = "Phys. Rev. C",
  volume = 18,
  pages = "2001",
  year = 1978
}

@article{DD14_Brueckmann,
  author = "H. Brueckmann and E. L. Haase and W. Kluge and L. Schaenzler",
  journal = "Zeitschrift fuer Physik",
  volume = 230,
  pages = "383",
  year = 1970
}

@article{DD15_Micherdzinska,
  author = "A. M. Micherdzinska and P. V. Pancella and E. J. Stephenson and A. D. Bacher and C. E. Allgower and A. C. Fonseca and C. M. Lavelle and H. Nann and J. Olmsted and M. A. Pickar and A. Smith",
  journal = "Phys. Rev. C",
  volume = 75,
  pages = "054001",
  year = 2007
}

@article{Gamow1928,
author = {Gamow, G},
year = {1928},
month = {01},
pages = {},
title = {Quantum Theory of the Atomic Nucleus},
volume = {51},
journal = {Z. Phys. A}
}

@article{ThermonuclearReactionRates_GamowEnergy,
author = {Fowler, William A. and Caughlan, Georgeanne R. and Zimmerman, Barbara A.},
title = {Thermonuclear Reaction Rates},
journal = {Annual Review of Astronomy and Astrophysics},
volume = {5},
number = {1},
pages = {525-570},
year = {1967},
doi = {10.1146/annurev.aa.05.090167.002521},

URL = { 
        https://doi.org/10.1146/annurev.aa.05.090167.002521
    
},
eprint = { 
        https://doi.org/10.1146/annurev.aa.05.090167.002521
    
}

}

@article{PDG,
  title = {Review of Particle Physics},
  author = {Tanabashi, M. and Hagiwara, K. and Hikasa, K. and Nakamura, K. and Sumino, Y. and Takahashi, F. and Tanaka, J. and Agashe, K. and Aielli, G. and Amsler, C. and Antonelli, M. and Asner, D. M. and Baer, H. and Banerjee, Sw. and Barnett, R. M. and Basaglia, T. and Bauer, C. W. and Beatty, J. J. and Belousov, V. I. and Beringer, J. and Bethke, S. and Bettini, A. and Bichsel, H. and Biebel, O. and Black, K. M. and Blucher, E. and Buchmuller, O. and Burkert, V. and Bychkov, M. A. and Cahn, R. N. and Carena, M. and Ceccucci, A. and Cerri, A. and Chakraborty, D. and Chen, M.-C. and Chivukula, R. S. and Cowan, G. and Dahl, O. and D'Ambrosio, G. and Damour, T. and de Florian, D. and de Gouv\^ea, A. and DeGrand, T. and de Jong, P. and Dissertori, G. and Dobrescu, B. A. and D'Onofrio, M. and Doser, M. and Drees, M. and Dreiner, H. K. and Dwyer, D. A. and Eerola, P. and Eidelman, S. and Ellis, J. and Erler, J. and Ezhela, V. V. and Fetscher, W. and Fields, B. D. and Firestone, R. and Foster, B. and Freitas, A. and Gallagher, H. and Garren, L. and Gerber, H.-J. and Gerbier, G. and Gershon, T. and Gershtein, Y. and Gherghetta, T. and Godizov, A. A. and Goodman, M. and Grab, C. and Gritsan, A. V. and Grojean, C. and Groom, D. E. and Gr\"unewald, M. and Gurtu, A. and Gutsche, T. and Haber, H. E. and Hanhart, C. and Hashimoto, S. and Hayato, Y. and Hayes, K. G. and Hebecker, A. and Heinemeyer, S. and Heltsley, B. and Hern\'andez-Rey, J. J. and Hisano, J. and H\"ocker, A. and Holder, J. and Holtkamp, A. and Hyodo, T. and Irwin, K. D. and Johnson, K. F. and Kado, M. and Karliner, M. and Katz, U. F. and Klein, S. R. and Klempt, E. and Kowalewski, R. V. and Krauss, F. and Kreps, M. and Krusche, B. and Kuyanov, Yu. V. and Kwon, Y. and Lahav, O. and Laiho, J. and Lesgourgues, J. and Liddle, A. and Ligeti, Z. and Lin, C.-J. and Lippmann, C. and Liss, T. M. and Littenberg, L. and Lugovsky, K. S. and Lugovsky, S. B. and Lusiani, A. and Makida, Y. and Maltoni, F. and Mannel, T. and Manohar, A. V. and Marciano, W. J. and Martin, A. D. and Masoni, A. and Matthews, J. and Mei\ss{}ner, U.-G. and Milstead, D. and Mitchell, R. E. and M\"onig, K. and Molaro, P. and Moortgat, F. and Moskovic, M. and Murayama, H. and Narain, M. and Nason, P. and Navas, S. and Neubert, M. and Nevski, P. and Nir, Y. and Olive, K. A. and Pagan Griso, S. and Parsons, J. and Patrignani, C. and Peacock, J. A. and Pennington, M. and Petcov, S. T. and Petrov, V. A. and Pianori, E. and Piepke, A. and Pomarol, A. and Quadt, A. and Rademacker, J. and Raffelt, G. and Ratcliff, B. N. and Richardson, P. and Ringwald, A. and Roesler, S. and Rolli, S. and Romaniouk, A. and Rosenberg, L. J. and Rosner, J. L. and Rybka, G. and Ryutin, R. A. and Sachrajda, C. T. and Sakai, Y. and Salam, G. P. and Sarkar, S. and Sauli, F. and Schneider, O. and Scholberg, K. and Schwartz, A. J. and Scott, D. and Sharma, V. and Sharpe, S. R. and Shutt, T. and Silari, M. and Sj\"ostrand, T. and Skands, P. and Skwarnicki, T. and Smith, J. G. and Smoot, G. F. and Spanier, S. and Spieler, H. and Spiering, C. and Stahl, A. and Stone, S. L. and Sumiyoshi, T. and Syphers, M. J. and Terashi, K. and Terning, J. and Thoma, U. and Thorne, R. S. and Tiator, L. and Titov, M. and Tkachenko, N. P. and T\"ornqvist, N. A. and Tovey, D. R. and Valencia, G. and Van de Water, R. and Varelas, N. and Venanzoni, G. and Verde, L. and Vincter, M. G. and Vogel, P. and Vogt, A. and Wakely, S. P. and Walkowiak, W. and Walter, C. W. and Wands, D. and Ward, D. R. and Wascko, M. O. and Weiglein, G. and Weinberg, D. H. and Weinberg, E. J. and White, M. and Wiencke, L. R. and Willocq, S. and Wohl, C. G. and Womersley, J. and Woody, C. L. and Workman, R. L. and Yao, W.-M. and Zeller, G. P. and Zenin, O. V. and Zhu, R.-Y. and Zhu, S.-L. and Zimmermann, F. and Zyla, P. A. and Anderson, J. and Fuller, L. and Lugovsky, V. S. and Schaffner, P.},
  collaboration = {Particle Data Group},
  journal = {Phys. Rev. D},
  volume = {98},
  issue = {3},
  pages = {030001},
  numpages = {1898},
  year = {2018},
  month = {Aug},
  publisher = {American Physical Society},
  doi = {10.1103/PhysRevD.98.030001},
  url = {https://link.aps.org/doi/10.1103/PhysRevD.98.030001}
}
